4178 5624
990 417 993 427 ,
1072 351 1074 354 ’
1122 355 1171 430 30

1030 466 1265 497 mmm

510 631 570 696 Est
591 631 626 694 in
646 626 747 693 literis
768 627 890 693 Latinis
913 622 1004 696 aliud
1024 622 1202 709 exemplum
1222 622 1300 688 huic
1321 622 1496 704 consimile,
1519 624 1578 691 sed
1599 628 1634 691 in
1655 646 1722 711 quo
1741 623 1937 694 luculentius

357 747 412 813 illa
428 742 656 832 corrumpendi
670 746 753 809 ratio
767 744 970 829 perspicitur.
1010 737 1168 806 Caesares
1184 737 1258 805 dico
1274 759 1312 804 ex
1325 737 1450 804 Aurelii
1461 740 1605 806 Victoris
1620 739 1715 821 libro,
1738 740 1829 826 quod
1845 745 1940 809 etiam
1984 806 1986 810 s

357 882 445 927 nunc
464 858 628 938 habemus,
650 862 684 922 in
705 860 867 944 epitomen
887 862 1080 920 contractos.
1126 827 1247 946 Insunt·⁸
1255 852 1412 940 permulta
1428 874 1467 919 ex
1480 855 1617 920 Victore
1628 854 1822 925 adverbum
1837 867 1940 924 trans·

358 979 492 1062 scripta,
522 974 582 1039 alia
605 975 710 1039 omisit
732 974 918 1056 quicunque
939 970 1023 1034 hanc
1045 990 1176 1057 operam
1197 972 1342 1048 instituit,
1365 989 1544 1055 eorumque
1562 968 1638 1036 loco
1658 972 1794 1036 inseruit
1809 970 1939 1037 aliunde

357 1101 469 1168 sumta,
494 1110 577 1174 quae
597 1109 703 1152 rerum
724 1083 871 1151 ordinem
891 1095 923 1150 ct
937 1087 1102 1151 veritatem
1119 1105 1187 1150 non
1203 1083 1302 1150 semel
1315 1082 1450 1153 mirifice
1465 1082 1605 1149 turbant.
1651 1082 1804 1151 Pluribus
1820 1086 1862 1154 de
1876 1087 1941 1152 hoc

357 1205 440 1270 inira
456 1201 614 1290 agendum
630 1203 714 1282 erit.
957 1205 960 1209 ’

511 1317 610 1399 Atqui
634 1317 738 1400 ipsum
761 1311 966 1392 Cornelium,
990 1334 1089 1398 quum
1113 1311 1286 1378 multorum
1306 1314 1387 1377 vitas
1407 1315 1442 1376 in
1461 1333 1562 1378 unum
1582 1332 1702 1399 corpus
1723 1315 1941 1400 coniungeret,

357 1434 506 1498 brevitati
529 1427 692 1493 studuisse
716 1436 967 1493 consentaneum
991 1437 1048 1506 est,
1072 1448 1138 1513 quo
1159 1429 1290 1492 nomine
1310 1425 1351 1492 ab
1373 1426 1577 1512 Hieronymo
1594 1425 1642 1511 (¹)
1658 1427 1826 1504 laudatum
1850 1427 1942 1514 quod

359 1542 575 1610 concedentes
591 1552 696 1607 tamen
711 1551 843 1607 nostrae
858 1544 1035 1606 sententiae
1046 1541 1126 1606 nihil
1138 1541 1308 1621 efficimus,
1324 1541 1461 1628 quadrat
1473 1545 1558 1607 enim
1568 1543 1633 1607 huc
1645 1541 1740 1607 illud:
1751 1530 1828 1609 'duo
1841 1564 1941 1628 quum

357 1659 480 1724 iaciunt
496 1657 588 1736 idern,
603 1679 672 1723 non
689 1667 737 1722 est
751 1655 845 1722 idem.
864 1695 904 1707 -
929 1658 1043 1722 Restat
1057 1666 1103 1737 ut,
1119 1677 1215 1743 quem
1230 1659 1264 1722 in
1278 1655 1377 1722 finem
1392 1679 1477 1743 opus
1490 1661 1540 1722 sic
1555 1667 1775 1745 comparatum
1785 1655 1941 1736 videatur,

358 1776 469 1860 paucis
484 1793 639 1837 moneam.
679 1771 810 1856 Quodsi
825 1781 1020 1856 reputamus,
1044 1793 1171 1838 omnem
1186 1772 1340 1836 historiae
1355 1767 1547 1837 scribendae
1562 1781 1662 1837 artem
1677 1771 1800 1851 abesse,
1815 1775 1941 1837 virtutis

358 1898 463 1953 autem
484 1884 697 1953 celebrandae
713 1908 869 1950 summum
885 1885 1053 1951 consilium
1069 1886 1238 1951 manifesto
1253 1889 1370 1964 inesse,
1393 1885 1661 1952 insolentioribus
1677 1895 1709 1951 et
1723 1884 1822 1951 rebus
1839 1895 1871 1951 et
1884 1906 1942 1950 vo-

358 2001 451 2066 cibus
473 2001 611 2066 additam
634 1970 705 2064 esse
725 1984 1031 2084 interpretationem,
1054 1999 1148 2063 facile
1169 1998 1368 2076 adducimur,
1391 2009 1426 2062 ut
1447 2003 1486 2062 iis
1508 2003 1726 2077 assentiamur,
1751 2003 1808 2082 qui
1823 1999 1943 2064 librum

357 2115 540 2182 scholarum
556 2113 668 2179 usibus
684 2112 876 2178 destinatum
892 2121 1006 2199 putant
1017 2110 1078 2195 (²).
1117 2110 1262 2177 Obiiciat
1277 2114 1359 2197 quis,
1374 2113 1409 2176 in
1425 2113 1494 2196 ipsa
1508 2133 1615 2176 rerum
1632 2120 1854 2197 congestarum
1869 2111 1942 2176 bre-

358 2236 456 2295 vitate
472 2233 623 2294 maiorem
640 2227 859 2293 difficultatem
876 2249 955 2306 esse,
976 2248 1061 2312 quae
1076 2229 1239 2312 peritioris
1255 2247 1367 2291 vocem
1384 2235 1417 2291 et
1431 2225 1686 2312 explanationem
1702 2224 1871 2303 desideret,
1886 2245 1942 2290 ne-

359 2366 424 2429 que
441 2346 615 2410 convenire
630 2342 686 2408 tali
702 2342 839 2410 consilio
855 2342 991 2438 aliorum
1006 2344 1199 2427 scriptorum
1213 2343 1344 2408 nomina
1361 2350 1393 2406 et
1407 2340 1509 2420 locos,
1529 2338 1721 2405 eruditionis
1737 2343 1831 2425 quasi
1844 2349 1942 2405 testes

358 2459 552 2545 productos,
568 2469 665 2543 atque
681 2479 722 2521 ne
737 2452 952 2521 uerecundiae
968 2455 1107 2538 quidem,
1123 2477 1207 2538 quae
1222 2458 1332 2538 pueris
1348 2452 1494 2534 debetur,
1511 2459 1587 2520 satis
1603 2454 1786 2520 consultum
1802 2453 1941 2537 esse(³):

358 2595 469 2635 verum
497 2574 576 2634 haec
596 2573 757 2648 omniaiq
776 2571 914 2632 hominis
935 2570 1050 2659 inscite
1069 2570 1190 2652 agentis
1212 2569 1373 2652 ingenium
1395 2567 1511 2632 cadere
1532 2568 1680 2632 arbitror.
1726 2569 1844 2651 Neque
1866 2571 1942 2632 satis

359 2684 443 2748 valet
465 2682 506 2748 ad
525 2681 728 2748 evertendam
743 2683 828 2746 hanc
843 2684 1031 2746 sententiam
1046 2701 1130 2744 unus
1146 2683 1180 2745 in
1195 2679 1368 2765 Lysandro
1383 2686 1427 2765 (c.
1435 2685 1481 2764 2.)
1496 2680 1599 2760 locus,
1622 2678 1688 2759 ubi,
1712 2700 1755 2745 ne
1770 2678 1813 2745 de
1828 2679 1944 2747 eodem

359 2802 429 2865 viro
449 2798 543 2885 plura
559 2796 776 2862 enumerando
794 2794 945 2882 defatiget
959 2794 1107 2874 lectores,
1130 2816 1166 2859 se
1181 2799 1286 2860 vereri
1299 2798 1358 2871 ⁴ait3
1382 2793 1470 2860 unde
1484 2797 1588 2882 possit
1603 2797 1676 2880 quis
1691 2793 1809 2861 librum
1824 2797 1859 2860 in
1873 2795 1943 2861 vul-

359 2918 480 3000 garium
496 2915 661 2979 hominum
676 2934 769 2977 usum
785 2933 824 2975 ac
839 2909 1084 2976 delectationem
1100 2913 1313 2996 compositum
1329 2919 1443 2994 putare
1453 2909 1514 2994 (⁴).
1533 2946 1573 2960 -
1595 2950 1597 2953 -
1736 2993 1737 2997 Ἰ

512 3026 576 3093 Sed
599 3048 637 3089 ex
658 3025 774 3090 ordine
789 3028 936 3088 instituto
952 3024 1097 3109 reliquos
1114 3045 1201 3088 nunc
1216 3045 1402 3109 persequar.
1424 3024 1429 3035 '
1448 3024 1605 3099 Extremis
1622 3044 1755 3109 quoque
1769 3027 1849 3110 reip.
1866 3033 1943 3090 tem-

360 3141 497 3227 poribus
517 3137 635 3203 multos
656 3136 698 3203 de
718 3137 833 3217 rebus,
859 3136 979 3222 quibus
1001 3135 1149 3224 gerendis
1170 3141 1233 3223 ipsi
1253 3137 1488 3219 interfuissent,
1511 3141 1755 3204 commentarios
1775 3142 1944 3224 scripsisse

295 3261 300 3271 '
360 3257 474 3341 partim
497 3256 531 3318 in
550 3274 747 3318 summorum
766 3254 909 3316 virorum
928 3254 1120 3330 memoriam,
1143 3255 1257 3337 partim
1276 3261 1311 3316 ut
1327 3254 1479 3338 temporis
1494 3261 1700 3317 monumenta
1714 3252 1942 3338 relinquerent,

360 3369 414 3432 hic
433 3372 467 3432 in
488 3378 675 3431 transcursu
685 3364 814 3446 addam,
839 3369 990 3452 quoniam
1007 3364 1165 3431 eiusmodi
1179 3363 1256 3430 libri
1271 3364 1311 3430 ad
1328 3388 1456 3431 causam
1470 3375 1612 3431 nostram
1627 3387 1695 3431 non
1710 3338 1855 3452 proxime
1871 3388 1943 3453 per-

360 3485 472 3545 tinent.
517 3482 604 3546 lnter
626 3484 820 3567 praecipuos
844 3480 1065 3546 nominhntur:
1095 3479 1231 3559 Dellius,
1256 3483 1312 3566 qui
1334 3490 1441 3546 utrum
1463 3479 1590 3547 Graece
1612 3501 1654 3545 an
1674 3482 1788 3546 Latine
1809 3483 1944 3549 Antonii
1984 3554 1988 3561 ,

361 3595 539 3660 Parthicam
555 3594 791 3680 expeditionem
805 3597 990 3674 narraverit,
1006 3593 1184 3681 ambigitur.
1215 3618 1244 3659 v.
1261 3593 1379 3661 Strabo
1395 3595 1477 3661 lli.
1492 3597 1607 3682 pseu.
1629 3594 1790 3661 Plutarch.
1806 3599 1860 3660 vit.
1876 3597 1955 3663 Am.

360 3719 428 3776 ton.
445 3711 532 3775 c59.
562 3711 703 3777 Vossius
721 3709 855 3775 Graecis
878 3731 950 3774 eum
971 3707 1165 3774 adnumerat.
1184 3748 1223 3761 -
1263 3712 1396 3776 Asinius
1411 3708 1516 3774 Pollio
1531 3711 1676 3775 Latinam
1691 3707 1851 3776 bellorum
1868 3712 1944 3773 civi-

359 3824 438 3889 lium
452 3826 616 3892 historiam
632 3827 838 3912 composuit(
859 3829 882 3907 ).
900 3861 940 3874 -
979 3823 1082 3892 Simili
1096 3822 1272 3889 Messallae
1292 3826 1424 3890 Corvini
1437 3845 1537 3911 opere
1552 3823 1686 3888 multum
1702 3844 1781 3887 usus
1804 3832 1853 3889 est
1867 3823 1944 3888 Plu-

361 3939 500 4026 tarchus,
523 3943 678 4005 incertum
695 3949 768 4006 utro
784 3960 933 4005 sermone
948 3941 1069 4026 scripto
1082 3937 1143 4023 (⁶³).
1162 3974 1202 3988 -
1446 3931 1450 3940 ¹
1738 3930 1741 3943 ι
1816 3913 1820 3922 ¹

400 4204 442 4276 (¹)
473 4200 589 4278 piasset.
600 4200 664 4256 libr.
675 4200 710 4256 de
720 4199 795 4256 histt.
804 4203 950 4258 ecclesiast.
1016 4203 1058 4274 (²)
1077 4203 1113 4259 cf.
1124 4203 1259 4279 imprimis
1269 4205 1305 4260 H.
1317 4205 1412 4281 Meyer
1420 4203 1561 4262 Zeitschit.
1573 4205 1593 4261 f.
1606 4202 1727 4261 Altcrtb.
1739 4207 1820 4257 1835.
1833 4200 1869 4258 Ν.
1879 4207 1941 4259 130.

400 4312 441 4384 (³)
472 4305 665 4367 vicinonia.
759 4309 800 4381 (⁴)
832 4308 893 4364 Hoc
907 4309 969 4366 loco
988 4313 1264 4386 praetermittendum
1282 4333 1340 4370 non
1358 4325 1410 4380 est,
1431 4313 1517 4373 Corn.
1534 4313 1653 4384 Nepotis
1667 4327 1768 4364 nornen
1787 4313 1895 4386 saepius
1914 4315 1944 4368 in

362 4402 446 4459 simili
463 4401 600 4459 librorum
620 4420 718 4477 genere
736 4399 890 4455 adhibitum
911 4419 977 4467 esse,
998 4402 1071 4456 unde
1090 4404 1200 4458 maioris
1220 4405 1361 4480 dignitatis
1379 4405 1480 4478 species
1494 4402 1602 4474 seriptis
1616 4400 1801 4456 ascisceretur.
1836 4403 1878 4458 lta
1891 4404 1944 4456 La-

321 4518 327 4525 ·
363 4493 439 4548 tinus
458 4494 592 4569 interpres
610 4491 707 4548 Graeci
727 4491 835 4548 Daretis
853 4509 955 4546 nomen
968 4492 1020 4548 sibi
1033 4491 1110 4549 dedit
1122 4491 1208 4552 Corn.
1225 4495 1351 4571 Nepotis,
1371 4495 1448 4549 cuius
1468 4494 1542 4548 nomi
1591 4490 1626 4547 ad
1639 4489 1799 4547 Sallustium
1813 4491 1943 4566 Crispum

363 4581 478 4656 epistola
496 4584 598 4659 scripta
616 4585 730 4638 Latinae
744 4582 850 4638 Daretis
869 4583 1089 4660 interpretationi
1108 4585 1164 4642 iera
1176 4587 1371 4662 praemittitur.
1399 4602 1425 4638 a.
1437 4579 1574 4639 Dederich
1583 4582 1679 4659 Dictys
1692 4581 1817 4642 Creterra.
1832 4603 1861 4658 p.
1869 4598 1931 4638 xrs.

402 4689 443 4760 (⁵)
474 4689 540 4746 Tac.
561 4695 636 4747 Anu.
655 4688 683 4758 lt,
703 4688 748 4747 31.
784 4691 819 4747 ci.
840 4691 1003 4751 Thorbeclse
1026 4694 1061 4752 de
1079 4695 1159 4751 Asin.
1182 4693 1252 4749 Poll.
1275 4696 1454 4765 p.111.119.
1522 4729 1526 4740 ·
1559 4691 1609 4767 ‘(‘)
1641 4691 1753 4749 Dehoc
1772 4691 1881 4748 uberius
1899 4692 1943 4768 egi

364 4779 473 4837 dissert.
489 4780 523 4835 dc
539 4781 623 4838 Mese.
639 4780 722 4841 Cora.
740 4787 820 4840 1828.
841 4803 870 4859 p.
881 4787 924 4842 71.
