4178 5624
905 343 954 416 33

812 456 1047 485 mmm

139 629 272 707 rogatus
291 639 311 683 a
325 615 456 696 Fannia,
479 613 621 682 Helvidii
636 633 745 694 uxore,
769 614 1014 679 commentarios
1031 614 1100 679 eius
1116 614 1351 703 suppeditante.
1369 652 1410 669 ··
1446 620 1485 687 In
1500 621 1560 688 hac
1574 625 1639 689 vita
1654 645 1720 690 me·

139 731 294 801 meranda
309 735 430 799 maiora
443 730 511 796 fide
526 730 639 816 dignus
656 731 716 794 crit
730 730 861 794 Tacitus
878 750 973 815 quam
989 727 1175 809 Suetonius,
1194 733 1251 815 qui
1266 735 1436 817 utriusque
1450 732 1526 799 libri
1541 736 1720 806 Anileuum

140 857 303 914 auctorem
326 847 411 913 lacit
455 847 491 909 L.
510 843 687 910 Walchius
711 842 840 928 quidem
865 843 906 910 ad
929 841 1166 911 conciliandum
1189 864 1261 910 oum
1283 845 1441 914 Suetonio
1465 850 1624 930 Tacitum,
1651 873 1720 919 uon

137 966 286 1053 potuisse
306 961 384 1029 dicit
398 957 576 1024 Arulenum
598 957 639 1025 de
655 959 797 1024 Thrasea
817 957 959 1024 scribere
974 958 1127 1025 Helvidio
1146 957 1243 1046 plane
1260 959 1407 1046 neglecto
1420 959 1483 1044 (¹)=
1506 972 1538 1027 at
1553 963 1642 1029 aliud
1656 966 1721 1032 hoe

140 1086 198 1156 est,
222 1075 309 1142 aliud
331 1076 500 1159 utriusque
519 1070 633 1138 laudes
654 1071 764 1149 edere;
788 1072 912 1138 accedit
932 1072 1022 1159 quod
1045 1095 1117 1138 cum
1139 1074 1252 1139 Tacito
1272 1073 1339 1138 Dio
1356 1072 1489 1141 Cassius
1512 1078 1577 1160 (67,
1602 1081 1655 1161 13)
1675 1081 1721 1144 ita

141 1193 308 1269 consentit,
330 1199 367 1253 ut
387 1189 553 1254 Herennio
575 1189 695 1270 omisso
716 1190 814 1253 unius
831 1189 992 1255 Thraseae
1012 1210 1073 1275 per
1087 1187 1266 1255 Arulenum
1286 1186 1408 1254 laudati
1427 1193 1620 1258 mentionem
1639 1193 1720 1260 iule-

138 1315 189 1370 rat
205 1303 265 1387 (2).
310 1305 353 1368 Et
372 1324 445 1368 cum
460 1301 598 1381 Aruleni
619 1322 714 1386 quam
730 1302 886 1366 Herennii
906 1305 1009 1368 maior
1028 1303 1110 1369 lama
1132 1311 1224 1383 esset,
1247 1306 1281 1367 iu
1302 1302 1398 1368 simili
1418 1325 1515 1369 causa
1531 1326 1720 1375 commemo-

138 1417 240 1483 randa
254 1416 386 1483 alterius
402 1419 591 1503 scriptorem
604 1415 780 1480 Suetonius
795 1413 890 1480 facile
906 1417 1052 1480 omittere
1067 1417 1180 1502 potuit.
1215 1416 1319 1482 Porro
1332 1415 1422 1502 quod
1435 1418 1609 1484 Walchius
1623 1441 1721 1505 quae-

139 1535 189 1611 rit,
212 1542 319 1598 utrum
335 1534 445 1618 priore
460 1539 572 1608 aetate,
594 1550 635 1594 an
651 1550 753 1609 senes,
771 1538 916 1616 tempore
931 1551 990 1615 per
1004 1530 1224 1595 Domitianum
1239 1532 1348 1595 virtuti
1362 1529 1568 1600 mteatissimo
1584 1536 1721 1622 scripse
1761 1530 1768 1539 ’

140 1649 214 1725 rint,
230 1648 335 1733 aptius
352 1644 482 1731 quidem
494 1643 622 1710 videtur
636 1646 758 1710 recenti
772 1644 858 1710 iacto
874 1665 1000 1710 saevam
1016 1646 1171 1731 principis
1186 1642 1342 1710 ultionem
1356 1655 1564 1731 provocatam
1580 1647 1720 1716 credere:

140 1781 252 1825 verum
280 1758 386 1826 obstat
410 1757 533 1824 Tiberii
560 1759 752 1847 exemplum,
782 1761 838 1845 qui
864 1758 1063 1840 Cremutium
1086 1757 1232 1826 Cordum
1258 1757 1303 1826 ob
1330 1759 1461 1827 anndes
1487 1763 1549 1824 iam
1573 1761 1720 1848 Augusto

139 1871 291 1940 audiente
306 1877 457 1939 recitatos
472 1895 562 1939 reum
578 1872 650 1938 fieri
665 1894 782 1960 passus
799 1882 848 1938 est
860 1872 917 1958 (³).

292 1989 399 2053 Possit
419 1988 532 2052 referri
551 1987 592 2051 ad
613 1989 676 2052 boc
691 1985 854 2052 scribendi
869 2007 969 2074 genus
986 1990 1080 2053 etiam
1097 1991 1132 2052 Ο.
1146 1991 1302 2066 Fannius,
1326 1991 1419 2052 cuius
1434 1989 1634 2054 immaturum
1650 1987 1721 2056 obi-

140 2112 206 2166 tum
227 2090 314 2188 luge‘t
328 2100 455 2166 Plinius
471 2122 521 2187 ep.
535 2105 564 2179 5,
578 2103 607 2166 5.
653 2098 848 2166 Absolverat
862 2105 946 2168 enim
962 2105 1065 2167 exitus
1081 2104 1262 2167 occisorum
1279 2110 1311 2166 et
1325 2101 1537 2190 relegatorum
1552 2125 1571 2168 a
1586 2105 1720 2170 Nerone

139 2224 203 2281 tres
219 2213 331 2294 libros,
353 2213 488 2280 subtiles
505 2223 535 2279 et
551 2212 718 2301 diligentes
734 2223 832 2300 atque
846 2218 931 2281 inter
945 2233 1124 2281 sermonem
1139 2217 1369 2301 historiamque
1383 2216 1517 2284 medios.
1555 2216 1721 2285 Adhibent

140 2331 210 2394 eius
224 2331 442 2393 testimouium
458 2330 598 2406 Tacitus,
622 2326 806 2407 Suetonius,
830 2328 893 2394 alii.

292 2439 446 2507 Eiusdem
468 2440 565 2506 Plinii
588 2440 732 2526 aequalis
758 2441 806 2506 ct.
829 2442 932 2507 Pollio
953 2443 1099 2508 Musunii
1119 2445 1212 2507 Bassi
1233 2442 1419 2530 philosophi
1439 2448 1642 2523 „memoriam
1657 2455 1721 2512 tam

139 2564 226 2643 grata
241 2554 481 2642 praedicatione
496 2559 689 2641 prorogavit,
713 2565 749 2619 ut
763 2553 880 2620 librum
896 2554 937 2620 de
952 2559 1017 2621 vita
1033 2558 1104 2620 eius
1120 2556 1257 2621 ederet.”
1288 2556 1460 2644 Plin.'epp.
1473 2559 1503 2637 7,
1515 2561 1569 2624 31.

294 2673 392 2735 Com.
416 2670 547 2734 Tacitus
569 2671 731 2764 temporis,
756 2690 822 2754 quo
838 2669 1008 2755 Agricolae
1023 2672 1129 2735 soceri
1144 2672 1196 2735 sui
1210 2672 1306 2735 vitam
1322 2675 1549 2756 composuerit,
1572 2683 1722 2740 accurate

138 2781 317 2850 deliniendi
338 2784 463 2868 copiam
484 2781 561 2846 facit
584 2785 699 2866 capii:
721 2803 828 2860 „nunc
849 2781 977 2846 demum
998 2781 1082 2847 redit
1096 2784 1230 2860 animus,
1243 2828 1250 2845 .
1263 2829 1291 2845 ..
1307 2785 1412 2866 primo
1427 2786 1532 2848 statim
1547 2782 1723 2852 beatissimi

43 2924 46 2929 ’
140 2896 262 2963 saeculi
285 2905 359 2962 ortu
381 2897 490 2962 Nerva
512 2893 635 2961 Caesar
656 2915 709 2959 res
733 2893 809 2959 olim
834 2893 1055 2960 dissociabiles
1078 2898 1213 2975 miscuit,
1236 2897 1451 2982 principatum
1474 2918 1513 2961 ac
1533 2896 1721 2980 libertatem,

141 3019 299 3098 augetque
320 3008 467 3095 quotidie
488 3007 669 3074 felicitatem
690 3011 816 3095 imperii
835 3011 944 3074 Nerva
961 3010 1147 3075 Traianus.'’
1165 3047 1205 3060 -
1245 3011 1328 3075 Nam
1351 3030 1390 3074 ex
1411 3031 1460 3089 eo,
1484 3012 1574 3095 quod
1593 3014 1721 3080 Nervae

140 3127 265 3191 nomini
287 3145 355 3189 non
379 3122 521 3188 additum
544 3125 585 3187 sit
604 3125 706 3189 Divus
727 3125 798 3188 iure
820 3123 981 3210 colligitur
995 3121 1054 3206 (⁴),
1078 3125 1224 3188 Tacitum
1248 3122 1289 3188 de
1310 3123 1419 3189 Nerva
1441 3125 1622 3192 etiamtum
1644 3130 1720 3194 vivo

87 3288 92 3295 -
139 3238 245 3325 loqui:
270 3258 371 3324 quare
391 3259 490 3323 quum
512 3239 684 3301 Traianum
699 3237 808 3302 Nerva
828 3258 856 3301 a.
869 3259 900 3322 p.
913 3235 990 3302 Chr.
1003 3237 1055 3308 97.
1071 3258 1098 3301 a.
1111 3235 1142 3300 d.
1158 3235 1207 3301 14.
1221 3234 1290 3302 Cal.
1304 3235 1419 3301 Octhr.
1434 3236 1628 3325 adoptasset,
1650 3244 1722 3328 ipse

140 3362 246 3418 autem
268 3373 353 3417 anno
375 3355 427 3417 98.
449 3355 580 3417 ineunte
602 3350 784 3430 decesserit,
807 3350 989 3437 Agricolam
1011 3352 1142 3416 Tacitus
1163 3353 1248 3418 iutra
1267 3351 1331 3421 hnc
1351 3354 1504 3438 temporis
1519 3354 1721 3421 intervallum

141 3468 309 3553 scripsisse
332 3463 495 3552 putandus
519 3474 576 3529 est
621 3466 855 3530 Praeterierant
879 3463 1009 3551 quidem
1029 3473 1170 3549 quatuor
1188 3464 1241 3529 vel
1260 3467 1405 3551 quinque
1425 3469 1501 3532 anni
1520 3477 1596 3554 post
1616 3472 1722 3536 soceri

140 3589 289 3646 mortem:
313 3588 345 3644 at
360 3580 500 3657 Tacitus,
523 3589 703 3665 temporum
723 3578 808 3644 bene
828 3600 955 3665 gnarus,
977 3601 1054 3644 num
1075 3581 1165 3664 prius
1181 3583 1290 3666 pietati
1306 3601 1384 3645 suae
1399 3581 1584 3648 satisfacere
1598 3587 1721 3668 potuis

141 3698 207 3760 set?
229 3731 270 3745 -
310 3691 399 3758 ldem
421 3713 507 3772 num,
532 3691 622 3778 quod
643 3693 728 3758 Anu.
740 3695 771 3772 3,
788 3693 841 3758 24.
856 3696 1019 3778 promittit,
1042 3694 1206 3766 historiam
1222 3695 1398 3782 Augustam
1420 3694 1614 3781 expleturus,
1638 3694 1722 3762 Cac-

141 3811 221 3873 saris
236 3809 375 3895 Augusti
390 3810 485 3874 vitam
503 3817 534 3873 et
549 3829 601 3873 res
616 3817 720 3894 gestas
736 3806 889 3895 singulari
904 3806 989 3874 libro
1004 3809 1235 3890 memorarerit,
1253 3811 1347 3872 certis
1361 3810 1501 3894 vestigiis
1516 3827 1584 3873 uon
1600 3828 1720 3895 cogno-

142 3923 269 3999 scimus,
283 3925 347 3986 nisi
361 3925 434 4008 quis
450 3943 534 4008 quae
551 3922 691 3988 Orosius
708 3923 749 4003 (7,
765 3924 810 4006 3.)
827 3925 985 4008 expressis
1006 3920 1114 3987 verbis
1135 3943 1154 3987 e
1169 3924 1282 3987 Tacito
1303 3921 1406 4000 allent,
1427 3918 1504 3985 inde
1523 3930 1627 3987 sumta
1649 3944 1721 3990 esse

144 4032 255 4100 credit.
300 4035 373 4100 Nec
390 4040 489 4122 magis
510 4046 635 4103 constat
656 4036 698 4102 de
713 4038 840 4102 Nervae
862 4044 893 4099 et
908 4036 1039 4099 Traiani
1058 4033 1156 4099 rebus
1172 4032 1234 4119 (⁵),
1257 4055 1353 4120 quam
1374 4033 1559 4101 uberiorem
1578 4041 1725 4104 securio-

142 4170 275 4235 remque
295 4151 458 4214 materiam
479 4153 636 4215 senectuti
658 4157 856 4235 seposuerat,
878 4130 1065 4234 praesertim
1086 4170 1186 4235 quum
1203 4171 1246 4215 ne
1266 4147 1308 4215 id'
1320 4148 1451 4236 quidem
1469 4160 1558 4218 certo
1573 4152 1719 4230 sciamus,

144 4256 275 4348 quando
296 4267 367 4350 ipse
387 4265 518 4329 Tacitus
538 4265 603 4328 vita
625 4266 804 4328 excesserit.
849 4263 928 4327 Erat
946 4265 980 4329 in
1000 4266 1039 4329 iis
1061 4263 1155 4329 locus
1173 4263 1279 4330 Plinio
1299 4264 1394 4330 simul
1414 4261 1638 4343 satisfaciendi,
1661 4267 1719 4349 qui

143 4374 281 4463 epistola
300 4377 342 4442 ad
361 4380 506 4444 Tacitum
527 4377 600 4443 data
621 4378 665 4460 (7,
676 4380 740 4461 33.)
761 4397 797 4444 se
816 4376 1022 4446 vehementer
1039 4399 1161 4465 cupere
1181 4376 1336 4461 ostendit,
1363 4386 1399 4443 ut
1418 4377 1558 4443 historiis
1579 4379 1649 4443 eius
1661 4376 1719 4445 'in-
1753 4372 1763 4379 ⁴

145 4500 250 4558 sertus
265 4493 444 4576 posteritati
459 4460 707 4562 combendetur.

181 4746 224 4821 (¹)
254 4746 289 4803 ad
301 4747 369 4803 Tac.
384 4746 454 4823 Agr.
471 4746 572 4821 pith.
635 4742 698 4821 ¹(²)
725 4749 761 4807 cs.
778 4749 934 4807 haimarum
953 4753 1072 4823 pmii.
1153 4744 1196 4820 (³)
1221 4745 1258 4804 cl.
1273 4743 1399 4804 Niebuhr
1411 4743 1451 4803 ll.
1465 4744 1602 4806 Schriften
1615 4750 1715 4822 pati.

181 4853 223 4930 (⁴)
252 4854 353 4914 wilci
366 4844 518 4944 Tnigsgr.
533 4875 562 4932 ρ.
572 4859 634 4914 121.
651 4860 713 4949 irs.
807 4857 849 4931 (⁸)
879 4854 915 4915 ct.
929 4856 1041 4924 nina,
1057 4861 1083 4913 1.

1412 4963 1439 5024 li
