4178 5624
922 342 968 414 13
1174 360 1187 379 “
1487 387 1494 421 ι
1709 377 1717 409 ι
1803 302 1831 369 τ

150 620 258 685 norati
282 615 427 681 luerunt:
457 634 556 680 unum
581 612 617 676 T.
635 611 763 675 Livium
784 606 964 696 a'puhlicis
984 612 1122 696 negotiis
1144 610 1336 678 abstinuisse
1357 624 1496 692 constat;
1521 638 1604 702 quae
1626 640 1678 683 res
1700 629 1735 684 ut

152 732 334 818 diligentem
355 729 508 795 lectorem
528 728 656 791 minime
679 725 768 812 fugit,
791 727 836 790 ita
856 727 890 790 in
911 724 1042 790 homine
1055 725 1204 792 Romano
1226 749 1244 791 a
1265 731 1344 814 reip.
1364 727 1439 794 luce
1457 751 1624 817 nunquam
1639 732 1735 820 plane

152 867 266 913 averso
281 844 407 911 facilius
422 843 499 906 icrri
513 848 629 927 potest

305 959 457 1026 Ceterum
477 957 531 1019 hic
550 951 715 1020 scribendi
733 977 803 1021 mos
818 963 990 1041 postquam
1006 975 1025 1020 a
1041 958 1176 1041 septimo
1192 952 1283 1021 urbis
1299 957 1431 1023 saeculo
1448 959 1592 1040 invaluit,
1615 981 1656 1026 ne
1672 961 1734 1026 sub

152 1074 327 1140 Caesarum
349 1068 479 1157 quidem
499 1072 635 1156 imperio
656 1068 753 1155 plane
768 1068 872 1135 desiit.
919 1068 1141 1136 Conlercbant
1157 1069 1246 1135 seed
1261 1070 1467 1136 scribendum
1484 1073 1621 1159 plurimi,
1643 1096 1735 1140 reco-

150 1188 245 1255 lenda
265 1185 449 1273 praeclarae
466 1188 514 1250 rei
528 1187 680 1250 memoria
696 1183 806 1250 denuo
821 1184 922 1272 gloria
937 1207 996 1250 sua
1011 1185 1076 1250 isui
1092 1189 1269 1272 cupientes,
1293 1197 1325 1252 et
1341 1189 1404 1272 ipsi
1419 1185 1482 1250 sibi
1497 1187 1583 1273 apud
1599 1193 1735 1276 posteri-
1858 1246 1862 1253 .

152 1307 225 1368 tatis
241 1301 362 1366 iudicia
378 1321 506 1365 causam
522 1321 612 1364 suam
628 1320 722 1385 agere
736 1295 938 1362 videbantur.
973 1300 1011 1364 ln
1028 1322 1094 1385 quo
1106 1322 1222 1385 genere
1235 1304 1292 1386 qui
1303 1304 1471 1366 iuventute
1481 1303 1565 1365 inter
1575 1299 1735 1369 bellorum

148 1419 316 1503 strepitum
332 1425 491 1481 transacta
503 1423 639 1479 comtam
652 1410 824 1478 dictionem
838 1410 994 1479 adhibere
1005 1434 1072 1478 non
1084 1411 1258 1492 didicisset,
1281 1417 1382 1498 ipsius
1396 1418 1573 1501 argumenti
1583 1420 1735 1503 gravitate

147 1531 275 1596 facilem
291 1532 530 1596 excusationem
547 1526 739 1592 inveniebat.
774 1529 824 1592 Ac
839 1529 934 1612 primi
949 1529 1085 1592 vitarum
1102 1535 1302 1592 enarratores
1318 1548 1498 1593 sermonem
1513 1529 1607 1595 valde
1628 1530 1735 1618 negle-

150 1653 274 1722 xerunt,
303 1653 340 1708 ut
366 1641 485 1728 quihus
510 1641 598 1707 aliud
623 1664 707 1728 opus
732 1651 817 1707 esset
836 1641 898 1727 (¹):
935 1643 1090 1707 orationis
1115 1650 1302 1706 ornamenta
1325 1652 1465 1706 assumta
1488 1653 1571 1721 sunt,
1601 1667 1639 1709 cx
1666 1665 1733 1730 quo

90 1821 95 1835 ,
150 1757 285 1826 Graecis
306 1757 408 1822 literis
423 1758 547 1822 Romae
568 1758 675 1822 honos
698 1778 769 1822 esse
791 1759 906 1843 coepit,
931 1778 1030 1842 quum
1053 1765 1160 1841 spreta
1176 1758 1356 1841 priscorum
1372 1755 1574 1842 simplicitate
1589 1757 1734 1824 homines

109 1958 115 1963 -
149 1872 267 1937 literati
282 1893 322 1947 er
337 1870 587 1958 elegantioribus
604 1870 804 1936 Graecorum
819 1869 911 1934 libris
927 1869 1160 1935 oblectamenta
1176 1892 1332 1955 quaerere
1347 1869 1508 1935 malebant
1518 1869 1575 1955 (²).

302 1984 356 2048 Ab
379 1985 434 2048 illa
454 1995 558 2048 autem
580 1983 745 2062 modestia,
770 2005 834 2068 qua
853 2004 942 2048 nunc
962 1983 1030 2048 fere
1051 1985 1197 2048 homines
1219 2007 1295 2049 suas
1316 1988 1378 2070 ipsi
1395 1983 1509 2049 laudes
1524 1988 1735 2071 pronuntiare

147 2107 309 2177 verentur,
332 2119 432 2183 quum
452 2118 586 2184 prorsus
607 2096 704 2162 alieni
726 2107 833 2162 essent
852 2107 987 2175 veteres,
1011 2096 1184 2184 pleriques,
1213 2120 1278 2183 qua
1295 2098 1384 2163 erant
1399 2101 1496 2164 animi
1510 2098 1735 2186 magnitudine,

148 2217 296 2278 virtutem
320 2233 410 2276 suam
435 2211 620 2297 simpliciter
636 2208 885 2296 praedicabant,
917 2210 1106 2296 aequalibus
1130 2232 1198 2277 non
1221 2216 1421 2298 arrogantiae
1441 2214 1517 2293 hoc,
1546 2213 1604 2278 sed
1628 2224 1735 2279 rectae

149 2328 367 2392 conscientiae
382 2323 599 2387 tribuentibus
612 2322 669 2406 (³):
691 2326 757 2387 imo
770 2321 831 2386 sub
843 2322 1020 2387 modestiae
1032 2327 1140 2410 specie
1153 2323 1241 2408 apud
1255 2324 1431 2411 plerosque
1442 2331 1623 2413 arrogantia
1635 2328 1734 2392 latere

72 2484 74 2488 ι
150 2439 352 2507 credebatur.
375 2437 464 2503 lllam
477 2439 616 2515 Tacitus,
628 2437 811 2520 aequalium
821 2457 954 2500 suorum
963 2439 997 2500 in
1007 2457 1043 2500 ea
1053 2458 1088 2500 re
1096 2440 1295 2521 iniquitatem
1305 2449 1402 2521 atque
1411 2437 1562 2502 invidiam
1572 2443 1734 2517 incusans,

151 2558 269 2642 prioris
294 2556 364 2616 aevi
385 2573 508 2616 morum
532 2549 682 2614 fiduciam
708 2559 810 2628 vocat,
840 2552 961 2615 nemini
984 2558 1039 2614 aut
1062 2553 1161 2645 „citra
1182 2548 1281 2613 fidem
1303 2560 1358 2614 aut
1380 2549 1623 2617 obtrectationi'
1644 2552 1734 2619 habi-

149 2680 212 2734 tam
228 2666 289 2750 (⁸).
335 2668 444 2751 Atque
463 2664 655 2729 Plutarchus
677 2667 711 2728 in
731 2663 842 2728 libello
865 2663 906 2728 de
925 2667 977 2727 sui
997 2662 1094 2727 laude
1113 2663 1228 2728 multas
1247 2686 1359 2728 causas
1376 2668 1489 2736 statuit
1500 2669 1601 2730 iustas
1622 2675 1654 2730 et
1676 2667 1734 2732 ho

148 2792 265 2860 nestas,
290 2779 346 2846 ubi
364 2782 435 2864 quis
453 2799 531 2841 suus
547 2781 617 2861 ipse
632 2776 781 2842 laudator
797 2798 868 2841 esse
883 2778 994 2860 possit,
1018 2775 1174 2839 modone
1191 2779 1263 2859 quis
1278 2779 1410 2843 nimium
1427 2777 1490 2841 sihi
1505 2777 1642 2862 placeat:
1666 2781 1735 2844 Ro

149 2918 262 2962 uranos
284 2916 378 2982 aegre
398 2891 511 2957 tulisse
527 2890 718 2956 Ciceronem
740 2887 856 2953 crebro
876 2910 928 2953 res
949 2911 1024 2954 suas
1045 2898 1156 2953 contra
1173 2887 1344 2954 Catilinam
1359 2899 1463 2975 gestas
1479 2889 1732 2977 praedicantem

148 3011 239 3076 nulla
259 3012 343 3074 enim
365 3016 498 3094 urgente
517 3007 714 3079 necessitate,
738 3013 860 3069 tuntum
881 3002 1002 3091 gloriae
1021 3001 1228 3069 immoderata
1245 3002 1418 3089 cupiditate
1433 3004 1606 3091 impulsum
1618 3006 1731 3072 laudes

150 3147 225 3191 suas
242 3126 442 3209 usurpasse(
464 3128 489 3204 ).

302 3239 424 3303 lterum
439 3256 567 3300 suarum
584 3238 767 3322 scriptores,
785 3255 922 3320 quorum
939 3232 1026 3322 apud
1041 3245 1165 3302 veteres
1181 3239 1301 3302 mentio
1313 3234 1359 3316 fit,
1374 3258 1442 3302 non
1455 3239 1607 3324 integram
1621 3258 1731 3303 omnes

149 3356 233 3419 vitae
252 3355 466 3417 narrationem
489 3353 710 3438 composuisse
731 3348 866 3437 putandi
886 3361 970 3431 sunt,
993 3349 1051 3415 sed
1071 3344 1227 3437 plurimos
1243 3355 1458 3438 gravissimam
1474 3362 1595 3416 tautum
1611 3363 1732 3438 partem

148 3468 249 3532 literis
270 3464 437 3530 mandasse
459 3449 659 3550 probabilius
682 3474 738 3542 est,
763 3464 873 3549 quales
895 3485 983 3529 nunc
1002 3465 1070 3529 lere
1091 3465 1372 3550 Francogallorum
1393 3465 1469 3546 libri
1487 3467 1633 3531 historici
1648 3476 1731 3531 sunt.

150 3583 353 3668 Quemquam
374 3581 469 3666 igitur
488 3578 667 3663 Augustum
688 3576 754 3656 „de
773 3582 839 3643 vita
860 3580 940 3644 sua''
960 3581 1128 3664 scripsisse
1148 3578 1333 3644 adnotatum
1352 3579 1494 3666 legimus,
1516 3579 1605 3645 nulla
1627 3591 1732 3644 tamen

148 3695 267 3762 indicia
285 3705 369 3773 sunt,
393 3715 464 3758 eum
478 3695 589 3779 priora
605 3713 737 3778 quoque
752 3701 897 3779 tempora
913 3696 1060 3780 attigisse,
1084 3703 1253 3780 antequam
1269 3693 1311 3758 ad
1325 3716 1423 3782 remp.
1447 3696 1643 3759 accessisset.
1690 3694 1731 3757 Et

149 3808 273 3876 abhoc
294 3811 465 3875 memoriae
485 3829 602 3895 genere
618 3805 738 3872 Graeci
757 3810 859 3886 etiam,
883 3829 966 3892 quus
986 3829 1048 3872 nec
1069 3808 1212 3873 utilitatis
1231 3811 1266 3873 in
1286 3819 1435 3894 posteros
1458 3829 1519 3873 nec
1535 3827 1612 3870 suae
1627 3806 1731 3873 laudis

92 3924 96 3933 '
149 3927 233 3988 ratio
258 3935 426 4010 tantopere
451 3925 564 4001 movit,
593 3931 629 3986 ut
654 3924 718 4007 ipsi
744 3943 818 3987 suas
844 3925 926 3987 vitas
953 3922 1207 4000 conscriberent,
1237 3942 1304 3986 non
1329 3924 1460 3986 omuino
1484 3918 1731 3988 abhorruerunt.

148 4039 299 4123 Namque
322 4043 442 4101 Aretias
469 4040 636 4123 scripsisse
661 4035 850 4123 perhibetur
876 4033 1033 4099 eiusmodi
1060 4029 1359 4120 ἀπομνημονεύματα
1382 4056 1489 4099 rerum
1512 4037 1732 4113 Achaicarum,
1809 4106 1812 4111 ,

149 4152 225 4218 dum
248 4150 290 4215 ah
314 4154 387 4237 ipso
408 4152 554 4236 principe
574 4159 769 4237 regerentur,
792 4145 815 4212 a
831 4147 1004 4214 Plutarcho
1025 4151 1060 4213 in
1080 4150 1190 4228 Arato,
1212 4147 1325 4235 Agide,
1349 4147 1526 4216 Cleomene
1545 4169 1613 4215 non
1634 4146 1733 4212 semel

151 4264 291 4330 adbibita
308 4265 367 4348 (⁴).
414 4263 567 4330 Similiter
581 4261 728 4350 Pyrrhus
748 4284 804 4328 rex
824 4285 875 4329 res
898 4244 1021 4328 suas'in
1038 4267 1283 4329 commentarios
1298 4263 1451 4328 retulerat
1463 4262 1519 4345 (⁷).
1564 4264 1614 4326 Ac
1629 4260 1730 4326 multo

150 4389 224 4446 ante
238 4383 302 4444 Jon
318 4379 428 4459 Chius,
449 4389 548 4466 poeta
561 4375 797 4458 celeberrimus,
819 4377 995 4466 singulares
1010 4389 1190 4465 temporum
1204 4382 1301 4458 vices,
1325 4399 1458 4463 quarum
1473 4378 1543 4462 ipse
1558 4379 1648 4441 testis
1663 4376 1732 4441 iue-

518 4452 543 4525 i

185 4635 226 4707 (¹)
257 4630 529 4701 Cic.deor.2,12.
565 4634 761 4697 narasse.
871 4633 915 4708 (²)
945 4633 982 4690 cl.
998 4631 1124 4690 Niebuhr
1140 4629 1181 4688 kl.
1194 4628 1317 4686 Schrlln.
1338 4649 1368 4705 p.
1379 4634 1425 4691 89.

186 4743 227 4816 (³)
258 4741 607 4817 Wagucradh'irg.Aen.
624 4749 729 4810 8,13¹.
837 4743 879 4815 (‘)
910 4742 977 4798 Tac.
992 4743 1061 4816 Agr.
1075 4748 1101 4796 1.
1207 4739 1249 4813 (⁸)
1280 4736 1419 4796 Plutarch.
1442 4738 1533 4798 Reist.
1551 4746 1610 4797 hd·
1631 4745 1728 4814 padi).

185 4851 228 4926 (⁶)
257 4848 408 4927 0¹⁴·P01515·
425 4854 453 4920 2.
467 4845 513 4906 ⁴0-
528 4847 556 4906 l·
571 4845 601 4920 l,
612 4854 640 4905 2·
751 4851 794 4923 (’)
825 4850 861 4908 cl.
876 4848 1036 4908 Lachmann
1055 4849 1090 4905 de
1107 4847 1190 4906 t'ontt.
1211 4847 1274 4914 uir,
1285 4851 1314 4920 2,
1329 4853 1357 4906 3.
