4178 5624
1144 321 1194 393 tu

1049 431 1285 462 mm
1413 454 1416 461 .

379 613 448 660 non
467 588 648 657 rationibus
667 589 866 654 extrinsecus
885 584 992 653 allatio
1002 582 1086 650 lacta
1100 582 1369 666 accommodam,
1391 586 1454 654 sed
1465 586 1556 656 lacfis
1572 591 1651 678 ipsis
1665 589 1844 660 referendis
1857 603 1958 684 atque

379 728 441 773 suo
462 704 584 771 iudicio
604 724 674 771 non
692 704 895 790 interposito,
917 701 1084 767 huminum
1101 701 1228 788 ingenia
1247 697 1338 767 vetut
1357 700 1526 770 simulam
1545 703 1734 793 ,impflcqw
1752 711 1970 796 expromi

266 874 269 879 ,
379 820 468 888 unde
487 818 689 885 intuentibus
709 816 813 883 libera
833 810 1170 900 assumendi-lammae
1185 813 1311 882 ademta
1325 834 1395 882 non
1408 815 1503 898 toret,
1525 828 1628 902 quum
1638 841 1728 887 nnnc
1742 820 1957 911 scriptoribus

378 934 413 1001 id
434 938 532 1022 magis
554 938 653 999 curae
672 934 721 1010 sit,
744 939 782 994 ut
800 927 948 1016 explicati
966 917 1073 995 mores
1095 939 1128 996 ot
1146 931 1309 1017 ingenium
1328 953 1425 1018 quarn
1446 934 1646 1021 apertissimo
1666 924 1959 1022 repraesententur.

378 1052 472 1115 Hanc
481 1069 559 1114 vero
576 1047 787 1112 differentiam
800 1045 838 1107 in
846 1051 911 1108 tam
922 1041 1042 1110 diversi
1051 1047 1124 1110 aevi
1134 1043 1346 1132 scriptoribus
1358 1065 1592 1132 nonnunquam
1604 1047 1815 1116 animadverti
1824 1053 1870 1117 ita
1880 1069 1959 1117 con-

379 1162 559 1230 cedendum
581 1170 638 1238 est,
661 1168 697 1222 ut
716 1156 926 1224 nihilominus
946 1179 967 1222 a
985 1157 1148 1224 veteribus
1167 1157 1267 1224 multa
1281 1168 1409 1247 praeter
1423 1162 1588 1226 veritatem
1603 1159 1647 1227 de
1662 1159 1756 1229 claris
1771 1163 1959 1231 hominihus

378 1277 478 1344 relata
500 1292 571 1339 esse
594 1270 812 1358 exemplorum
833 1269 1079 1340 confirmatione
1098 1275 1158 1338 vix'
1170 1282 1269 1360 egeat.
1300 1271 1405 1358 Quid
1426 1276 1512 1339 omns
1530 1273 1634 1341 utere
1652 1273 1804 1355 nunu,
1829 1277 1918 1362 quod
1939 1300 1960 1344 a

379 1389 540 1458 communi
561 1388 674 1451 mantis
696 1387 853 1455 humanae
873 1388 957 1451 vitio·
969 1406 1026 1452 eos
1040 1384 1162 1452 liberos
1177 1396 1364 1474 praestaret,
1385 1397 1422 1452 ut
1437 1391 1592 1454 sinceram
1609 1390 1767 1475 cultasque
1781 1392 1830 1457 rei
1843 1396 1962 1457 verita-

377 1515 442 1568 tem
458 1511 490 1567 et
505 1507 737 1588 cognoscerent
752 1509 784 1591 ct
799 1501 959 1586 cognitam
972 1499 1121 1586 profiteri
1132 1499 1271 1569 vellent?
1292 1501 1377 1568 Sunt
1391 1511 1498 1570 autern
1508 1505 1616 1569 venae
1628 1523 1753 1584 musae,
1767 1525 1853 1590 quae
1862 1508 1959 1571 charo
2056 1516 2059 1521 ’

377 1618 512 1683 invitum
532 1617 670 1681 mimum
691 1635 710 1679 a
730 1612 867 1701 stapes
887 1612 1000 1680 turim
1020 1617 1200 1701 negitare
1220 1610 1387 1682 onam
1401 1614 1537 1683 suane
1581 1599 1695 1702 Quane
1715 1620 1744 1682 si
1762 1629 1909 1684 aarum
1927 1628 1962 1684 es

376 1731 518 1798 indolem
542 1728 678 1794 alicuius
701 1732 883 1815 expressam
906 1727 1049 1816 legimus,
1075 1727 1162 1794 illiue
1186 1750 1320 1817 quoqne
1341 1732 1508 1818 ingenium
1526 1728 1694 1819 ddigenter
1714 1731 1960 1798 examinandum

377 1856 535 1932 putemus,
559 1845 617 1929 qni
636 1841 761 1908 aheneo
778 1845 864 1908 vitoe
883 1845 974 1908 tostis
995 1845 1105 1909 extitit
1128 1870 1134 1902 ι
1151 1844 1272 1932 Neque
1289 1847 1373 1910 enirn
1394 1848 1507 1922 amori,
1526 1866 1635 1932 neque
1655 1845 1734 1912 odio
1747 1844 1846 1912 iidem
1860 1844 1960 1912 habc-

376 1981 457 2038 rnus,
480 1961 616 2045 propius
636 1967 743 2022 tamen
761 1959 871 2043 pietati
892 1966 924 2021 et
940 1959 1042 2022 umori
1055 1959 1221 2049 veritatem
1237 1960 1442 2024 coniunctam
1456 1958 1635 2025 credentes.
1680 1959 1872 2026 Plutarchus
1887 1963 1961 2046 qui·

377 2072 458 2151 dean,
474 2072 551 2137 dum
565 2073 626 2135 arti
641 2091 719 2134 snae
733 2071 898 2156 prospicit,
916 2069 1000 2134 hano
1015 2067 1345 2155 omninolegransihi
1356 2071 1474 2156 posuit,
1489 2079 1525 2136 ut
1540 2073 1749 2136 novitiorum
1765 2093 1960 2139 commemo·

376 2189 494 2252 rationi
513 2188 750 2250 immoraretur:
771 2185 913 2249 vitarum.
928 2185 1015 2248 cuim
1033 2183 1183 2269 cerimori
1198 2181 1357 2270 agendum
1371 2204 1444 2249 esse
1458 2192 1495 2248 ut
1508 2181 1605 2249 bonis
1619 2182 1809 2271 pictoribus,
1832 2189 1889 2271 qni
1902 2207 1962 2251 ve-

376 2301 656 2386 nustasimagines
670 2299 846 2385 pingentes,
863 2299 890 2361 si
905 2295 1030 2383 aliquid
1044 2299 1121 2362 insit
1134 2300 1171 2363 iu
1183 2299 1223 2362 iis
1238 2297 1319 2363 lenis
1331 2299 1409 2376 vitii,
1423 2318 1536 2384 neque.
1546 2308 1749 2385 praetereant
1763 2296 1798 2363 id
1812 2319 1960 2385 prorsus,

375 2435 484 2501 neque
504 2412 725 2499 undequaque
746 2414 934 2499 exprimant:
958 2414 1079 2497 quippe
1099 2412 1164 2477 hoc
1183 2409 1368 2490 delmmem,
1391 2410 1624 2497 discrepantem
1639 2409 1721 2477 illud
1735 2410 1873 2478 reddere
1888 2409 1961 2477 elti-

188 2608 192 2616 ,
315 2580 318 2585 a
376 2533 474 2614 giem;
498 2525 630 2611 quando
648 2534 754 2589 autem
769 2523 907 2589 arduum
921 2525 972 2601 sit,
993 2521 1046 2587 vel
1061 2520 1134 2587 lieri
1148 2542 1217 2588 non
1231 2526 1343 2608 possit,
1366 2533 1402 2588 ut
1417 2523 1514 2589 ullius
1530 2524 1667 2590 hominis
1681 2528 1747 2590 vita
1762 2528 1852 2591 omni
1865 2514 1971 2591 vacet*

376 2637 509 2716 macula,
524 2640 558 2701 in
574 2637 719 2711 honestis
732 2633 832 2701 rebus
846 2635 974 2699 veritati
987 2633 1066 2699 ndril
1081 2632 1315 2700 detrahendum
1329 2654 1415 2701 esse:
1438 2633 1510 2700 illas
1521 2656 1609 2717 vero,
1625 2656 1760 2721 qrmeex
1770 2641 1866 2703 animi
1882 2661 1959 2723 per-

375 2751 561 2818 turbatione
582 2759 638 2815 aut
659 2769 697 2814 ex
716 2751 871 2836 temporis
893 2745 1080 2814 conditione
1100 2751 1248 2815 orientur
1266 2748 1412 2815 ollensao
1427 2759 1460 2815 et
1473 2752 1559 2827 vitia,
1581 2749 1831 2816 claudicationes
1847 2755 1959 2838 ponus

375 2869 502 2932 virttrtis
523 2887 619 2952 quarn
640 2861 861 2951 improbitates
881 2859 1050 2928 habenda
1067 2883 1153 2938 esse3
1175 2883 1284 2949 neque
1300 2863 1358 2928 hae
1372 2864 1505 2928 nimium
1520 2860 1689 2951 diligenter
1703 2874 1735 2930 et
1749 2863 1789 2930 ad
1806 2868 1960 2932 amussim

377 2979 591 3069 explicandas,
606 2977 665 3045 scd
680 2989 832 3063 tanquam
847 2998 920 3042 cum
936 2975 1064 3063 pudore
1078 2978 1176 3041 sortis
1191 2976 1358 3057 humanae,
1374 2997 1458 3062 quae
1472 2975 1553 3042 nihil
1567 2976 1647 3044 boni
1663 2980 1832 3055 sincerum,
1847 2999 1959 3064 neque

375 3116 481 3161 mores
496 3093 539 3158 ad
553 3095 702 3158 virtutem
718 3089 792 3156 edet
805 3089 990 3176 inculpatos
1000 3089 1061 3174 (¹).
1098 3089 1147 3155 lto
1162 3089 1363 3170 Plutarchus,
1385 3091 1460 3177 pius
1474 3094 1573 3178 magis
1589 3114 1686 3178 quam
1700 3090 1788 3158 lidos
1802 3095 1957 3157 virtutum

374 3212 545 3296 interpres;
568 3228 676 3293 neque
694 3200 838 3294 priorem
858 3212 994 3270 aetatem
1013 3202 1055 3270 ab
1078 3202 1236 3271 eiusmodi
1251 3206 1408 3271 sententia
1423 3203 1639 3286 abhorruisse,
1663 3204 1757 3271 facile
1770 3205 1867 3273 nobis
1882 3227 1958 3291 per·

376 3322 564 3389 suademus:
587 3324 684 3406 atque
698 3317 874 3406 probamus
890 3339 959 3384 eam
974 3321 1008 3386 in
1023 3317 1196 3387 scribendo
1211 3317 1447 3401 verecundiam,
1469 3339 1561 3406 quae,
1580 3327 1752 3403 antequam
1767 3339 1956 3406 magnorum

376 3440 519 3502 virorum
533 3439 636 3500 virtus
650 3433 735 3500 hene
749 3442 919 3521 perspecte
934 3435 984 3512 sit,
999 3431 1176 3501 eorundem
1192 3433 1455 3523 erroresrelerre
1469 3431 1610 3510 duhitat;
1629 3437 1832 3518 nequeenim
1843 3441 1956 3500 nostre
1974 3492 1980 3519 ,

372 3553 508 3620 utterest
524 3552 615 3628 scire,
638 3547 717 3635 quid
733 3570 806 3614 cum
820 3546 1002 3615 mortalium
1015 3546 1113 3636 vulgo
1129 3569 1299 3615 commune
1313 3545 1493 3628 habuerint,
1513 3546 1571 3614 sod
1587 3559 1749 3634 quatenus
1763 3551 1814 3613 eui
1829 3549 1955 3635 generis

376 3673 562 3730 cmamenta
586 3664 756 3729 exhtimari
778 3658 919 3728 debeant
937 3659 999 3746 (⁸).
1044 3663 1089 3727 At
1108 3670 1205 3728 munt
1223 3683 1350 3750 semper
1368 3662 1534 3729 Plutarchi
1552 3663 1680 3742 similes,
1703 3665 1761 3748 qui
1780 3662 1841 3726 hac
1858 3663 1954 3725 venia

375 3778 470 3844 abusi
493 3799 645 3845 summam
668 3777 808 3863 aliquam
831 3755 988 3840 bumanae
1010 3779 1224 3862 praestantiae
1243 3779 1386 3864 speciem·
1403 3775 1591 3863 depingant,
1620 3795 1703 3861 quae
1723 3784 1827 3840 tamen
1846 3793 1955 3840 veram

376 3896 455 3957 certi
469 3894 607 3958 hominis
623 3895 790 3980 imaginem
804 3911 871 3956 non
887 3889 1012 3955 referat

529 4005 596 4070 lllis
616 4009 712 4093 igitur
732 4015 764 4072 et
782 4007 859 4073 artie
875 3978 985 4072 studio
1000 4012 1032 4069 et
1045 4003 1329 4091 integrae‘virtntis
1343 4023 1454 4068 amore
1467 4001 1562 4068 larile
1574 3999 1793 4090 peccantibus,
1816 4000 1870 4066 alii
1886 4004 1953 4065 sive

375 4119 494 4207 ingenii
516 4092 619 4204 culpa
631 4120 700 4182 sive
720 4122 845 4184 inscitia
863 4139 977 4184 verum
996 4116 1129 4186 tradere
1144 4137 1213 4184 non
1227 4124 1413 4205 potuerunt,
1435 4115 1490 4182 alii
1504 4115 1680 4184 noluerunt
1693 4136 1771 4181 sune
1788 4111 1955 4200 cupiditati

375 4236 559 4301 servientes.
592 4232 696 4297 Prout
711 4231 794 4297 enim
810 4231 951 4317 quisque
964 4233 1063 4318 gaha
1078 4240 1134 4299 aut
1148 4231 1269 4299 invidia
1284 4229 1472 4314 ducebatur,
1487 4234 1531 4298 ita
1545 4232 1729 4298 memoriam
1743 4226 1883 4314 aliquam
1897 4237 1955 4294 aut

375 4351 409 4414 in
431 4347 573 4414 deterius
594 4345 790 4431 detorquere
807 4352 863 4409 ant
877 4342 976 4424 multa
990 4343 1087 4411 leude
1102 4357 1228 4412 auctam
1242 4347 1309 4412 soie
1325 4368 1365 4413 ao
1377 4349 1556 4433 posteritati
1573 4340 1795 4410 commendare
1809 4363 1878 4410 non
1892 4340 1954 4408 du-

375 4458 529 4542 bitabant,
551 4463 614 4549 ipsi
629 4459 761 4540 scilicet,
783 4465 938 4546 qusmum
953 4459 1121 4526 aventato
1134 4456 1332 4542 recederent,
1355 4463 1483 4547 saepius
1498 4464 1610 4546 pamm
1627 4455 1689 4524 sihi
1704 4460 1835 4524 conscii.
1874 4458 1953 4524 Non

375 4581 482 4640 tamen
500 4574 623 4644 idcirco
642 4575 690 4643 illi
705 4574 897 4663 probantur,
919 4595 983 4643 nec
1002 4594 1144 4641 summae
1161 4574 1348 4662 integritatis
1363 4572 1429 4639 fide
1444 4571 1532 4661 digni
1546 4582 1631 4654 sunt,
1653 4574 1711 4660 qui
1725 4570 1767 4638 ah
1784 4573 1870 4639 omni
1884 4589 1953 4633 om-

408 4798 455 4890 Ι(“)
486 4813 790 4879 Plutarchcimont.
902 4816 946 4896 ζ’)
976 4817 1155 4880 el.lliebubr
1173 4816 1310 4887 Briclet,
1328 4812 1433 4894 pdto.
