4178 5624
1034 366 1269 527 mi...

365 661 471 705 rerum
488 648 526 703 ¹et
550 635 680 724 publice
700 645 845 702 aetorum
869 631 1020 701 memoria
1045 655 1118 700 cum
1140 641 1344 719 posterorum
1368 635 1573 704 incommodo
1595 641 1754 719 interiret,
1778 638 1943 728 multiplex

363 752 419 818 illa
438 751 602 830 fastorum,
627 754 934 845 commentariorum,
957 748 1118 814 annalium
1133 747 1438 836 perscribendorum
1460 752 1663 823 consuetudo
1683 763 1760 819 nata
1774 765 1835 831 est;
1860 777 1943 841 quae

363 875 568 934 monumenta
593 864 806 953 scriptoribus
832 867 916 930 inter
941 866 1135 950 praecipuos
1158 864 1311 930 historiae
1332 863 1439 931 fontes
1462 874 1577 951 postea
1598 865 1730 935 fuerunt
1749 867 1817 953 (ί).
1856 871 1943 957 Ergo

248 987 252 996 '
363 983 446 1047 sicut
465 1001 572 1045 rerum
593 981 752 1067 gestarum
774 976 904 1043 annales
925 976 1058 1064 publice
1079 976 1304 1043 scribebantur
1324 977 1367 1046 ad
1389 966 1572 1045 memoriam
1596 982 1942 1070 priorumtemporum

357 1099 396 1161 in
412 1098 540 1170 civitate
556 1091 816 1171 conservandam,
834 1091 978 1158 similiter
993 1092 1137 1180 singulae
1151 1102 1262 1179 gentes
1278 1103 1310 1158 et
1325 1091 1462 1158 familiae
1477 1093 1788 1181 suos'conficiebant
1802 1097 1943 1176 annales,

362 1230 404 1276 ue
426 1208 549 1276 oblivio
570 1229 683 1273 eorum
703 1215 796 1284 esset,
820 1228 904 1292 quae
924 1209 1064 1292 quisque
1083 1210 1245 1293 sapienter
1264 1229 1303 1272 ac
1318 1207 1444 1274 fortiter
1459 1206 1652 1296 egisset(²)=
1675 1211 1710 1274 in
1726 1195 1790 1295 qua
1804 1231 1841 1275 re
1856 1220 1943 1276 tanta

363 1323 526 1410 diligentia
546 1343 602 1387 eos
624 1342 702 1386 arsos
724 1341 796 1386 esse
816 1322 1007 1407 accepimus,
1029 1331 1066 1385 ut
1085 1324 1188 1385 secuti
1208 1320 1378 1414 rideantur
1396 1321 1440 1401 id,
1463 1322 1553 1408 quod
1572 1322 1775 1410 magnificum
1796 1345 1834 1388 ae
1850 1345 1944 1410 prae-

366 1437 485 1505 clarum
507 1433 585 1503 dicit
605 1434 727 1502 Cicero
744 1433 922 1512 „clarorum
942 1436 1085 1498 virorum
1104 1445 1203 1520 atque
1221 1455 1406 1523 magnorum
1426 1456 1494 1501 non
1506 1440 1618 1502 minus
1640 1441 1699 1504 otii
1711 1459 1808 1523 quam
1822 1441 1944 1524 negotii

361 1553 526 1616 rationem’
534 1557 640 1613 extare
656 1549 834 1634 oportere.''
875 1549 950 1616 Mos
967 1558 1034 1614 erat
1049 1552 1311 1633 antiquissimus„
1321 1560 1521 1616 mortuorum
1535 1554 1685 1616 virtutem
1700 1549 1943 1642 laudou'onibus

351 1662 554 1749 funebribus
576 1662 796 1741 cohonestare,
820 1685 955 1748 quarum
977 1666 1059 1729 ratio
1080 1663 1165 1729 vitae
1179 1674 1328 1750 peractae
1344 1664 1592 1752 descriptionem
1607 1675 1744 1752 poscere
1758 1664 1942 1731 videbatur:

362 1787 458 1864 atque
480 1775 639 1864 paulatim
670 1780 763 1842 etiarn
789 1777 890 1842 literis
918 1781 1123 1864 consignatae
1147 1782 1266 1844 vetusti
1291 1783 1363 1844 aevi
1390 1790 1475 1845 certa
1501 1790 1707 1846 monumenta
1732 1779 1941 1857 habebantur,

364 1894 508 1978 quemvis
528 1890 698 1956 ambitiosa
717 1901 922 1977 posterorum
943 1895 1062 1978 pietate
1082 1895 1250 1968 evenisset,
1274 1904 1310 1955 ut
1331 1876 1491 1958 eiusmodi
1509 1893 1814 1961 laudibushistoria
1834 1915 1942 1960 rerum

361 2008 579 2072 Rornanarum
601 2003 772 2069 admodum
792 2004 947 2070 mendosa
966 2002 1060 2069 fieret
1075 2003 1136 2086 (³).
1183 2003 1248 2068 Sed
1269 2002 1310 2067 ad
1326 2003 1459 2069 eandem
1476 2026 1584 2069 curam
1598 2006 1788 2070 referendus
1803 2017 1852 2069 est
1866 2011 1943 2071 ima-

361 2124 478 2207 ginum,
502 2118 688 2205 elogiorum,
712 2128 907 2184 stemmatum
925 2119 978 2203 (⁴)
998 2139 1091 2183 usus:
1114 2115 1296 2204 probabant
1317 2120 1410 2197 enim,
1432 2113 1519 2183 certa
1533 2117 1661 2198 decora,
1685 2117 1862 2205 singulares
1877 2121 1941 2182 vir-

359 2244 444 2299 tutes
466 2206 634 2299 univershe
655 2231 752 2298 alicui
771 2236 857 2321 genti
871 2255 930 2320 per
945 2231 1148 2303 saeculorum
1164 2231 1404 2304 diuturnitatem
1419 2236 1567 2320 proprias
1584 2255 1621 2298 ao
1636 2232 1815 2319 peculiares
1831 2234 1939 2298 luisse.

360 2348 452 2414 Sicut
467 2359 571 2413 autem
587 2347 627 2412 ab
644 2346 813 2413 annalibus
828 2345 1062 2432 interpolandis
1077 2368 1146 2412 non
1161 2346 1386 2412 abstinuerunt
1401 2350 1532 2432 posteri,
1550 2356 1586 2410 ut
1602 2369 1640 2412 ex
1655 2369 1769 2412 eorum
1783 2356 1941 2410 vetustate

360 2466 430 2528 crui
449 2472 564 2545 posset
580 2464 732 2525 memoria
752 2465 893 2545 integrae
914 2459 1091 2544 nobilitatis
1103 2458 1165 2539 (⁵),
1187 2462 1230 2521 ita
1244 2474 1417 2527 stemmata
1436 2481 1569 2544 quoque
1583 2463 1617 2524 in
1632 2463 1762 2546 gratiam
1779 2471 1940 2524 certorum

359 2576 524 2639 hominum
544 2576 578 2637 in
598 2570 812 2638 nobilissimas
832 2581 944 2657 gentes
964 2573 1197 2657 penetrantium
1217 2570 1300 2635 falso
1321 2575 1504 2657 conscripta
1525 2581 1601 2636 sunt
1617 2572 1678 2655 (⁶).
1723 2571 1814 2636 Abiit
1834 2594 1886 2636 res
1906 2577 1940 2637 in

358 2686 545 2774 religionem
567 2685 736 2772 quandam,
758 2707 801 2750 ne
820 2706 961 2771 unquam
983 2694 1108 2770 ternpus
1129 2685 1230 2749 luisse
1250 2684 1422 2764 videretur,
1446 2707 1545 2771 quum
1565 2694 1621 2752 aut
1635 2684 1819 2772 respublica
1834 2688 1939 2751 tenuis

252 2806 254 2810 ”
359 2813 414 2867 aut
434 2804 574 2888 gentium
595 2797 743 2895 auctores
758 2797 917 2886 ignobiles
934 2808 1055 2875 essent;
1079 2798 1136 2864 sed
1153 2802 1253 2864 erevit
1269 2801 1328 2864 ista
1343 2802 1474 2879 vanitas,
1498 2821 1565 2889 quo
1581 2804 1678 2887 magis
1694 2799 1735 2864 ab
1751 2802 1940 2886 antiquitate

359 2919 473 2983 remoti
495 2920 564 2982 eius
585 2917 769 3002 cognitione
790 2934 899 2980 carere
914 2923 1093 2999 coeperunt
1104 2890 1170 2996 (⁷).'
1211 2912 1382 2978 Ciceronis
1398 2936 1478 2979 aevo
1493 2917 1636 2979 virorum
1651 2913 1808 2980 nobilium
1823 2914 1939 2980 multo·

358 3055 428 3096 rum
453 3018 538 3099 rera'
549 3031 719 3114 progenies
740 3033 800 3090 iam
817 3027 912 3112 plane
927 3030 1049 3091 incerta
1065 3036 1145 3100 erat;
1169 3025 1226 3091 sed
1242 3037 1320 3094 tune
1335 3030 1439 3112 ipsum
1456 3051 1528 3093 curn
1544 3029 1614 3094 aliis
1629 3030 1769 3094 Atticum
1786 3030 1939 3115 imprimis

358 3122 567 3209 illustrandae
587 3142 663 3206 huic
682 3141 838 3205 maiorum
858 3142 1030 3204 memoriae
1051 3160 1181 3225 operam
1203 3139 1332 3206 dedisse
1345 3140 1444 3205 reiert
1459 3139 1560 3207 Corn.
1576 3143 1705 3227 Nepos:
1727 3146 1794 3218 „sic
1810 3142 1940 3205 familia-

357 3280 428 3323 rum
452 3260 606 3343 originem
631 3253 804 3331 subtexuit,
826 3263 863 3318 ut
887 3252 1046 3319 clarorum
1068 3257 1211 3318 virorum
1233 3258 1427 3342 propagines
1448 3258 1608 3341 possimus
1632 3275 1840 3341 cognoscum
1864 3253 1939 3319 iecit
2040 3255 2042 3258 ’

356 3373 420 3436 hoc
440 3370 527 3459 idern
551 3372 720 3456 separatim
817 3377 852 3432 ut
872 3367 918 3433 M.
934 3368 1026 3433 Bruti
1046 3356 1159 3455 rogatu
1179 3369 1301 3434 luuiam
1321 3368 1470 3433 familiam
1491 3390 1509 3434 a
1531 3372 1631 3455 stirpe
1646 3368 1687 3434 ad
1702 3369 1785 3434 hauc
1806 3378 1938 3433 aetatem

392 3676 435 3750 (¹)
466 3697 491 3731 r.
514 3675 617 3732 Falster
640 3693 756 3731 memor.
784 3675 892 3732 obscur.
919 3681 1005 3750 p.t9.
1026 3694 1087 3750 sqq.
1123 3675 1199 3750 Lips.
1220 3675 1324 3732 excors.
1352 3676 1386 3730 ad
1410 3676 1476 3730 Tac.
1497 3667 1937 3748 hnu.5,d.—'Magistratuum

357 3767 546 3824 commentarii
566 3785 582 3821 a
602 3763 771 3840 privatorum
791 3764 936 3821 hominum
955 3763 1035 3820 sacile
1053 3766 1278 3842 distinguuntur:
1299 3765 1345 3820 scd
1366 3784 1434 3840 quos
1453 3761 1551 3821 Cicero
1571 3763 1825 3839 nonuunquamsdc
1844 3772 1937 3837 pocta·

355 3875 419 3912 rum
442 3867 529 3913 aetate
551 3858 762 3914 commentarios
781 3856 908 3931 antiquos
928 3855 1079 3913 testimonii
1098 3855 1159 3911 loco
1178 3854 1301 3920 adhibet,
1326 3874 1371 3910 eos
1391 3855 1566 3931 magistratus
1585 3865 1648 3929 post
1665 3853 1745 3910 ludos
1764 3853 1852 3908 editos
1870 3871 1937 3908 cou-

355 3946 477 4022 signasse
499 3945 645 4002 verisimile
667 3959 722 4009 ssu
751 3966 785 4003 cx
808 3945 850 4002 his
874 3947 960 4023 igitur
977 3946 1156 4003 Terentianus
1179 3944 1339 4002 didascalias
1361 3945 1456 4001 ductas
1475 3956 1557 4020 putat
1575 3944 1697 4020 Madvig.
1718 3942 1826 4005 dissert.
1848 3949 1882 4005 de
1902 3951 1933 4003 Ι..

355 4036 448 4102 Attio,
468 4053 563 4111 opusc.
585 4055 612 4109 p.
623 4041 684 4095 109.

392 4144 434 4218 (²)
466 4164 493 4199 r.
513 4142 573 4202 Cic.
594 4143 628 4197 dc
646 4141 721 4199 offic.
738 4149 824 4208 1,17.
841 4143 868 4198 6.
890 4144 967 4200 Brut.
985 4143 1028 4199 16.

392 4253 434 4326 (³)
465 4253 526 4309 Lir.
540 4258 568 4318 8,
582 4247 628 4306 do.
649 4249 709 4309 Cic.
731 4251 808 4306 Brut.
826 4250 868 4306 16.
890 4252 984 4327 ibique
1003 4233 1172 4328 Bernhardy.
1194 4253 1319 4310 Perizon.
1338 4253 1475 4310 animadv.
1495 4253 1560 4310 hist.
1580 4271 1605 4309 c.
1619 4252 1645 4307 6.
1666 4271 1695 4328 p.
1711 4252 1774 4308 211.
1794 4253 1838 4309 ed.
1855 4255 1934 4312 Harl.

354 4340 482 4399 Niebuhr
501 4343 580 4400 Rom.
597 4339 695 4399 Gesch.
712 4345 741 4407 2,
760 4359 789 4417 p.
800 4347 827 4397 5.
843 4340 908 4397 516.
928 4373 955 4384 -
984 4342 1044 4397 Sub
1062 4343 1264 4418 Imperatorum
1288 4344 1490 4406 dominatione,
1501 4342 1572 4397 haue
1594 4360 1705 4417 quoque
1727 4361 1823 4400 rocem
1846 4347 1936 4404 eonti-

355 4435 453 4501 cuisse,
472 4452 530 4489 nou
549 4445 651 4490 temere
669 4432 848 4508 suspicamur.
870 4431 905 4487 ci.
921 4430 996 4487 Dial.
1016 4433 1050 4488 de
1068 4452 1110 4488 or.
1131 4453 1156 4489 c.
1170 4439 1213 4489 13.
1244 4434 1280 4490 cf.
1296 4429 1406 4490 Walch.
1427 4433 1493 4488 Tac.
1514 4437 1582 4534 A&
1597 4431 1671 4487 XLI.

373 4542 433 4629 ’(”)
464 4540 605 4598 Eichstidt
623 4542 657 4598 de
676 4540 819 4616 imaginib.
840 4559 868 4615 p.
883 4544 944 4595 112.
964 4545 1025 4596 128.
1064 4541 1225 4618 Bernhardy
1246 4543 1324 4599 litim.
1341 4541 1395 4595 Lit.
1417 4541 1501 4615 prs,

392 4648 403 4719 (
410 4648 435 4718 ⁵)
467 4645 525 4705 Cic.
542 4669 593 4721 pro
607 4651 680 4706 Mur.
694 4654 719 4709 7.
734 4650 794 4705 Lir.
804 4651 832 4717 7,
845 4654 874 4711 9:
896 4650 1034 4724 „quaesita
1048 4652 1175 4725 propriae
1188 4649 1306 4706 familiae
1320 4648 1378 4704 laus
1391 4647 1521 4704 leviorem
1537 4647 1602 4704 facit
1616 4660 1755 4707 auctorem
1768 4651 1933 4706 Licinium'*

390 4755 433 4830 (⁶)
466 4754 604 4812 Plutarch.
626 4758 711 4813 Num.
730 4765 754 4813 1.
776 4760 901 4817 Perizon.
922 4757 974 4816 l.l.
996 4764 1097 4834 pert.
1110 4779 1171 4833 sqq.

390 4866 432 4940 (¹)
464 4863 590 4922 Niebuhr
609 4865 688 4922 usu.
703 4864 800 4924 Gesch.
817 4873 843 4923 2.
865 4863 969 4943 pili.
1009 4866 1068 4926 Cic.
1090 4866 1205 4925 adtltt.
1221 4864 1249 4933 6,
1265 4872 1290 4922 t.
1307 4868 1334 4925 7.
1374 4863 1573 4924 Perizon.l.l.
1594 4872 1680 4942 pas.
