4178 5624
1025 347 1075 422 26

932 457 1167 488 mum

259 623 464 710 Imperatoris
480 616 658 685 Theodosii
675 636 757 682 aevo
780 615 897 682 vixisse
918 633 1031 679 versus
1050 611 1194 680 indicant
1214 635 1271 680 ser
1291 611 1459 683 codicibus
1481 621 1710 704 antiquissimis
1729 619 1842 701 additi,

158 743 160 750 '
261 735 414 824 equibus
430 737 499 802 eius
514 754 633 800 nomen
649 735 683 798 in
698 730 843 816 reliquos
857 728 987 795 videtur
1000 727 1139 810 dimisse,
1158 728 1312 817 paulatim
1327 735 1439 799 nescio
1453 733 1542 801 nnde
1556 735 1695 802 Aemilio
1710 738 1842 802 nominc

259 854 456 942 praeposito.
498 851 582 916 Nam
598 857 634 914 ut
649 845 716 912 duo
731 842 832 910 Probi
847 843 1065 931 distinguendi
1080 848 1152 926 sint,
1174 846 1404 933 „epitomator”
1419 846 1507 928 alter,
1530 849 1610 916 alter
1625 848 1731 916 scriba
1744 850 1844 917 libra·
1899 868 1904 875 ·

134 1012 137 1019 -
259 971 336 1048 rins,
351 987 420 1033 non
435 967 512 1031 satis
526 962 611 1027 valet
625 961 769 1027 Nissenii
783 962 1014 1047 argumentatio
1027 959 1093 1046 (¹).
1118 962 1236 1046 Neque
1250 960 1356 1027 lucem
1371 960 1469 1028 ullam
1485 961 1578 1027 affert
1592 965 1733 1032 Ausonii
1746 964 1842 1032 locus

260 1087 326 1170 (ep.
338 1084 411 1164 t6.),
427 1078 485 1145 ubi
501 1100 537 1143 se
551 1075 591 1141 ad
607 1074 751 1141 Probum
763 1072 816 1161 (²)
830 1076 969 1162 Nepotis
983 1073 1147 1142 Chronica
1161 1079 1287 1142 misisse
1303 1075 1430 1141 dicit-
1452 1078 1574 1142 Verum
1591 1099 1629 1143 ex
1645 1101 1712 1165 quo
1726 1078 1842 1146 Obert

261 1197 412 1264 Giianius
436 1191 585 1259 coffinum
609 1193 830 1259 auctoritatem
853 1199 1042 1278 aspernatus
1064 1188 1221 1257 Cornelio
1236 1191 1359 1278 Nepoti
1381 1189 1499 1257 librum
1522 1193 1756 1260 restituendum
1771 1214 1845 1266 esse
1891 1226 1898 1252 ο
1949 1174 1953 1184 ’

261 1314 385 1398 primus
405 1309 530 1372 censuit
548 1303 609 1390 (³),
631 1302 736 1370 tribus
759 1308 851 1370 annis
872 1314 949 1392 post
968 1306 1106 1390 Dionys.
1122 1304 1307 1385 Lambinus,
1330 1308 1488 1393 scriptore
1508 1328 1535 1371 a
1555 1309 1648 1372 1569.
1665 1305 1752 1390 edito
1769 1329 1845 1374 ean-

261 1424 334 1491 dem
355 1424 571 1488 coniecturam
591 1421 725 1506 recepto
745 1427 847 1506 atque
867 1418 963 1506 plane
984 1422 1104 1516 omisso
1120 1420 1209 1486 Aem.
1224 1420 1338 1486 Probo
1355 1419 1454 1488 Corn.
1469 1422 1607 1512 Nepotis
1627 1441 1747 1488 nomen
1767 1421 1857 1488 libri⁴

261 1536 386 1603 titulum
402 1537 572 1622 occupavit
586 1533 663 1600 indo
678 1533 718 1599 ab
735 1532 877 1600 editiom
891 1534 977 1601 Rob.
993 1536 1151 1600 Keuclren
1167 1555 1240 1600 ann.
1259 1537 1352 1602 1658.

412 1652 617 1739 Argumentis
640 1646 815 1714 Lambinus
843 1670 923 1714 usus
947 1657 1010 1729 est,
1040 1648 1159 1737 quibus
1186 1647 1227 1715 ad
1251 1671 1319 1715 rem
1343 1649 1573 1737 expediendam
1596 1654 1729 1716 maxime
1757 1672 1843 1738 opus

262 1775 338 1845 erat,
365 1763 448 1831 adeo
470 1774 507 1830 nt
529 1765 614 1830 banc
637 1767 859 1850 quaestionem
882 1739 1009 1851 'semper
1027 1768 1062 1832 in
1083 1763 1196 1832 iisdem
1215 1768 1337 1830 versari
1358 1775 1514 1852 oporteat.
1560 1766 1711 1850 Namque
1730 1774 1846 1829 auctor

246 1882 475 1968 ,Pomponium
496 1880 638 1945 Atticum
657 1879 760 1944 statim
780 1875 821 1942 ab
842 1881 933 1946 initio
954 1877 1028 1945 libri
1049 1881 1236 1946 nominatim
1257 1878 1397 1966 appellat
1412 1883 1507 1966 eique
1523 1900 1607 1967 opus
1622 1900 1718 1944 suum
1731 1880 1846 1943 inscri-

260 1995 322 2072 bit;
347 2005 378 2060 et
399 2001 581 2081 congruunt
597 2016 669 2058 cum
684 1994 745 2058 hac
759 1996 884 2058 ratione
899 1995 1027 2077 optime,
1052 2014 1135 2076 quae
1151 1983 1185 2057 iia
1199 1991 1266 2057 fine
1282 1991 1416 2058 Catonis
1432 2003 1464 2058 et
1479 1997 1512 2056 in
1527 1997 1592 2056 vita
1607 1994 1704 2058 Attici
1720 1991 1761 2057 de
1775 2013 1846 2058 mu-

261 2121 317 2176 tua
342 2130 453 2175 eorum
479 2111 609 2174 caritate
633 2105 717 2171 dicta
740 2114 824 2175 sunt.
870 2104 1016 2171 Alterum
1039 2115 1258 2193 argumentum
1283 2114 1345 2194 est,
1374 2104 1464 2191 quod
1487 2104 1568 2170 illud
1591 2103 1721 2170 dicendi
1742 2125 1846 2192 genus

262 2222 482 2289 Theodosiani
510 2225 582 2287 aevi
609 2241 679 2287 non
700 2241 772 2285 esse
795 2228 941 2307 apparet:
973 2240 1047 2285 nam
1070 2220 1169 2285 refert
1190 2240 1268 2286 sane
1291 2223 1453 2306 antiquam
1475 2219 1720 2307 simplicitatem,
1748 2217 1846 2304 quarn

261 2359 339 2426 prae
360 2339 447 2403 inani
470 2354 509 2402 sc
531 2335 649 2424 putido
671 2334 845 2401 verborum
867 2343 994 2400 tumore
1017 2333 1140 2401 dudum
1163 2344 1368 2400 contemnere
1389 2343 1541 2421 coeperat
1563 2336 1726 2421 posterior
1747 2343 1845 2398 aetas.

260 2452 399 2519 Multum
421 2444 551 2538 quidem
572 2449 664 2514 abest
684 2459 720 2514 ut
740 2444 819 2513 cum'
833 2449 1030 2514 Ruhnkenio
1053 2450 1214 2526 iaciamus,
1238 2469 1334 2533 quem
1353 2448 1634 2534 wyttenbachius
1653 2445 1845 2516 Cornelium

261 2569 388 2630 nativae
402 2565 580 2627 venustatis
603 2581 699 2625 causa
721 2558 897 2624 secundum
914 2557 1106 2625 Ciceronem
1121 2564 1254 2624 maxime
1268 2564 1502 2651 miratumxesse
1516 2572 1637 2652 narrat;
1660 2567 1848 2647 pariterque

261 2672 446 2751 Lambinus,
473 2675 632 2752 Muretus,
660 2671 712 2738 alii
736 2671 866 2738 abunde
889 2671 1022 2737 laudant
1043 2671 1120 2738 libri
1142 2675 1338 2754 suavitatem,
1366 2672 1519 2759 leporem,
1543 2672 1737 2762 elegantiam,
1761 2697 1847 2761 quac

261 2787 302 2854 sd
319 2786 469 2855 Caesaris
485 2796 519 2853 et
533 2786 704 2854 Ciceronis
719 2786 849 2853 dicendi
864 2808 964 2876 genus
979 2766 1084 2875 prope
1100 2787 1241 2853 accedat.
1280 2768 1379 2856 Certe
1395 2792 1452 2875 qui
1466 2789 1657 2869 Ausonium,
1681 2792 1737 2876 qui
1752 2790 1846 2875 Sym-

262 2906 417 2977 machum,
441 2905 497 2989 qni
511 2903 730 2990 Panegyricos
750 2901 834 2990 legit,
857 2900 886 2968 is
906 2903 1013 2990 largiri
1027 2924 1094 2969 non
1111 2901 1278 2981 dubitabit,
1302 2912 1365 2969 tam
1381 2902 1555 2990 simplicem
1572 2925 1643 2970 esse
1660 2906 1729 2969 eius
1744 2901 1846 2968 libelli

151 3082 168 3104 „
263 3039 451 3095 sermonem,
473 3027 536 3085 tam
556 3017 694 3083 liberum
714 3015 755 3081 ab
776 3016 958 3082 adulatorio
978 3002 1149 3094 dedecore}
1172 3038 1241 3081 eam
1261 3019 1295 3080 in
1315 3027 1448 3084 auctore
1464 3017 1662 3085 Graecarum
1681 3018 1844 3083 literarum

261 3133 416 3219 peritiam,
436 3134 476 3193 'ut
497 3131 533 3194 in
553 3128 694 3195 eandem
708 3136 841 3194 aetatem
857 3128 971 3193 reterri
986 3138 1134 3215 nequeat.
1178 3127 1275 3194 Multi
1290 3141 1455 3216 praeterea
1471 3135 1505 3196 in
1520 3135 1570 3196 bis
1584 3136 1658 3198 vitia
1673 3134 1739 3197 loci
1753 3154 1846 3218 repc-

261 3248 398 3324 riuntnr,
426 3264 564 3331 quorum
586 3245 744 3310 sententia
765 3242 934 3308 manifesto
956 3243 1074 3309 ultimis
1094 3247 1174 3331 reip.
1193 3244 1393 3331 temporibus
1413 3249 1434 3310 i.
1451 3267 1479 3310 e.
1503 3245 1672 3312 Ciceronis
1694 3256 1726 3310 et
1745 3247 1845 3310 Attici

263 3363 357 3447 aetati
378 3357 618 3425 accommodata
640 3367 697 3437 est,
721 3378 821 3443 quum
841 3377 942 3444 penes
964 3356 1121 3446 populum
1144 3358 1251 3444 aliqua
1266 3369 1419 3445 potestas,
1440 3380 1509 3426 non
1523 3363 1620 3426 unius
1636 3381 1731 3427 omne
1746 3363 1845 3447 impe-

169 3524 171 3537 .
262 3476 344 3538 rium
362 3477 472 3555 esset(
494 3478 517 3557 ).
535 3508 570 3524 -
591 3471 686 3539 Adde
702 3470 793 3559 quod
808 3469 979 3573 aliquoties
995 3470 1130 3538 aliorum
1143 3471 1289 3540 Cornelii
1304 3472 1462 3542 librorum
1478 3479 1598 3542 mentio
1613 3476 1775 3558 infertur(
1797 3481 1821 3559 ).
1864 3512 1872 3527 ι

415 3588 505 3651 Haeo
519 3582 615 3674 igitur
628 3596 813 3674 argumenta
828 3609 904 3653 num
922 3608 985 3674 qua
1000 3592 1126 3655 ratione
1137 3589 1297 3655 confutari
1311 3595 1467 3677 possuntt
1489 3592 1571 3656 Nam
1583 3590 1753 3656 Aemilium
1765 3591 1845 3653 Pro-

262 3702 339 3768 bum
361 3723 433 3767 cum
453 3703 490 3767 T.
506 3701 743 3789 Pomp..Attico
765 3686 930 3767 conciliari
944 3724 1042 3788 posse
1056 3721 1152 3769 nemo
1169 3704 1324 3790 sperabit;
1348 3708 1470 3792 quippe
1484 3704 1565 3770 illud
1580 3725 1647 3770 non
1663 3707 1843 3789 priscorum

263 3827 444 3903 temporum
461 3837 579 3883 nomen
596 3825 653 3896 est,
676 3814 735 3882 sed
749 3815 851 3882 multo
866 3819 1096 3901 posteriorums
1118 3837 1181 3882 nec
1195 3817 1328 3883 meliore
1343 3829 1460 3885 eventu
1475 3815 1571 3884 alium
1589 3819 1729 3882 Atticum
1747 3838 1845 3904 quae-

263 3950 324 4009 ras,
348 3935 404 4014 qui
418 3931 519 3998 Probi
533 3931 677 4018 aequalis
694 3930 759 3997 dici
773 3932 885 4018 possit.
926 3931 1039 4017 ltaque
1053 3931 1117 3994 nisi
1131 3932 1221 3996 Aem.
1237 3931 1380 3998 Probum
1396 3936 1568 4011 eliciamus,
1590 3951 1724 4015 neccsse
1739 3930 1844 4009 luerit,

264 4055 300 4110 ut
319 4042 449 4110 duobus
464 4048 541 4134 viris
557 4047 750 4132 opusculum
766 4045 948 4111 dedicatum
965 4042 1140 4125 credamus,
1164 4067 1302 4131 quorum
1317 4048 1441 4117 Atticus
1457 4049 1491 4112 in
1506 4046 1714 4133 praelatione,
1737 4047 1844 4111 Theo-

264 4159 376 4228 dosius
397 4163 432 4225 in
452 4158 619 4224 versiculis
639 4159 681 4253 ad
702 4159 800 4226 finem
822 4164 952 4227 annexis
972 4162 1163 4226 nominatur.
1209 4161 1258 4226 Ac
1277 4160 1417 4243 luerunt,
1442 4165 1499 4249 qui
1519 4171 1689 4250 propterea
1711 4157 1752 4224 de
1771 4182 1843 4247 par-

270 4342 1841 4397 *mr-‚n

300 4471 343 4542 (¹)
373 4490 400 4527 r.
415 4469 523 4540 dissert,
539 4487 567 4544 p.
579 4458 607 4526 ὅ.
621 4466 800 4526 etZeitscbt't.
811 4467 965 4526 LAlterth.
979 4473 1191 4545 18³9.·p.1253.
1266 4469 1308 4543 (²)
1334 4468 1378 4525 De
1390 4454 1483 4549 boc).
1493 4430 1745 4538 Claudiau.‚Carrn.
1758 4469 1840 4542 prim.

301 4575 342 4647 (³)
372 4578 455 4634 index
473 4579 584 4635 Lucret.
604 4599 627 4634 s.
647 4597 709 4636 roc.
729 4577 874 4635 refutatus.
985 4579 1027 4651 (‘)
1057 4578 1093 4636 ci.
1115 4578 1190 4636 Mitt.
1211 4577 1238 4633 6.
1260 4583 1286 4632 8.
1320 4575 1455 4651 Thrasyb.
1473 4579 1499 4630 2.
1521 4574 1607 4632 Dion.
1622 4581 1650 4638 9.
1680 4580 1777 4650 Epsm.
1795 4581 1859 4639 to„

265 4664 368 4725 Cbobr.
384 4673 411 4722 3.
440 4673 518 4744 liges.
534 4665 562 4726 d.
596 4669 676 4726 Eum.
693 4675 721 4726 3.
738 4676 770 4725 ⁸:
800 4670 850 4746 qui
872 4668 927 4727 loci
948 4689 1012 4726 curn
1031 4669 1090 4727 aliis
1108 4681 1202 4745 aperte
1220 4669 1321 4748 docent
1339 4666 1438 4723 vidisse
1456 4677 1596 4723 auctorem
1614 4667 1751 4743 vergentis
1768 4665 1840 4739 reip.

265 4767 400 4830 tempora,
417 4773 537 4832 eamque
554 4758 688 4816 libertatis
706 4779 815 4817 musam
835 4779 900 4836 prae
918 4781 947 4819 se
966 4760 1070 4828 tulisse,
1089 4760 1139 4835 qui
1158 4757 1350 4815 Theodosiana
1369 4777 1435 4815 seso
1454 4760 1565 4833 penitus
1582 4759 1719 4815 extinctus
1736 4754 1799 4813 luit.

220 4900 222 4905 .
302 4865 344 4939 (⁸)
374 4863 410 4920 ci.
425 4862 510 4919 Dion.
525 4869 553 4919 3.
581 4865 616 4921 de
634 4867 758 4945 Beggt.
