4178 5624
1146 353 1169 425 8

1042 433 1277 493 mumdum

367 626 591 693 norisreentius
614 616 733 690 numen
754 641 822 688 non
843 617 1014 699 habebant,
1037 640 1132 706 mam
1152 621 1214 686 viri
1235 619 1313 686 clari
1333 629 1366 686 et
1385 620 1561 690 clarissimi.
1605 622 1700 694 Adeo
1721 647 1828 715 usque
1847 632 1951 698 virtus

369 764 442 806 cum
462 740 564 829 gloria
584 739 721 806 confusa
736 736 798 821 (¹),
821 746 858 802 ut
878 736 1021 822 separari
1034 755 1103 800 non
1117 745 1261 822 possent,
1285 745 1435 823 essetque
1449 740 1483 803 in
1499 759 1537 804 ea
1554 743 1784 811 coniunctione
1798 743 1874 811 finis
1889 744 1950 814 bo·

369 857 621 941 norumposita.
667 850 776 938 Quid?
807 848 897 935 quod
916 852 952 916 in
973 869 1011 915 ea
1029 851 1127 914 animi
1147 850 1392 932 immortalitate,
1415 836 1501 939 quac
1519 855 1659 921 nominis
1680 869 1837 946 perpetua
1851 859 1952 927 laude

341 958 561 1045 conductor,
587 964 859 1053 acquiescendum
879 963 942 1030 sibi
965 963 1122 1052 putabant
1140 964 1202 1056 (f).
1247 964 1380 1033 Tiberio
1403 966 1468 1033 hoe
1489 969 1524 1033 in
1547 967 1677 1034 summis
1700 976 1786 1038 votis
1806 974 1876 1053 luit,
1904 984 1950 1054 ut,
2001 1055 2005 1060 .

368 1084 501 1171 quando
521 1105 563 1166 cx*
578 1087 642 1147 vita
665 1083 886 1157 concessisset,
909 1068 996 1145 cives
1018 1101 1091 1145 cnm
1111 1078 1208 1145 laude
1230 1079 1377 1147 ethonis
1397 1080 1678 1149 recordationibus
1693 1084 1777 1152 facta
1791 1099 1889 1175 atque
1903 1088 1950 1154 fa·
2037 1168 2041 1173 .

367 1216 450 1264 mam
470 1200 609 1264 nominis
633 1198 684 1259 sui
707 1203 980 1280 persequerentur
996 1191 1059 1278 (³).
1104 1193 1272 1260 Praeclara
1295 1198 1392 1282 igitur
1414 1205 1512 1284 atque
1531 1198 1663 1264 homine
1682 1199 1832 1266 Romano
1853 1202 1951 1290 digna

367 1335 439 1390 vox,
460 1329 558 1397 'quam
580 1314 614 1376 in
638 1319 773 1390 extrema
793 1311 899 1374 soceri
920 1306 1016 1373 laude
1040 1310 1172 1374 Tacitus
1194 1307 1377 1375 collocavit:
1405 1311 1584 1398 „Agricola
1602 1317 1783 1400 posteritati
1803 1326 1951 1383 narratus

368 1439 400 1492 ct
420 1424 557 1491 traditus
576 1433 739 1510 superstes
755 1422 842 1487 erit.'’
887 1419 953 1487 Sed
968 1419 1054 1486 idem
1068 1421 1168 1508 paulo
1183 1433 1257 1489 ante
1272 1423 1440 1509 professus
1456 1435 1533 1505 erat,
1553 1426 1721 1494 uemuhtu
1735 1427 1949 1496 decorandam

368 1561 440 1605 esse
461 1538 605 1605 defuncti
626 1539 818 1616 memoriam,
841 1556 914 1601 eum
935 1556 1047 1601 verum
1068 1537 1225 1602 honorem
1246 1558 1326 1618 esse,
1349 1559 1418 1604 eam
1438 1541 1693 1613 coniunctissimi
1708 1547 1867 1630 cuiusque
1878 1547 1950 1634 pie-
2061 1616 2065 1623 ,

366 1670 482 1720 mrem:
506 1674 571 1738 qua
587 1655 744 1717 sententia
758 1650 800 1716 ad
815 1649 946 1716 alteram
960 1653 1008 1715 rei
1022 1655 1210 1737 propositae
1224 1673 1353 1724 causam
1370 1665 1556 1741 opportune
1570 1654 1770 1722 deducimur.

517 1765 673 1833 Profecto
691 1765 801 1831 nullus
822 1786 963 1851 unquam
985 1764 1046 1830 fuit
1065 1765 1217 1853 populus,
1239 1770 1274 1832 in
1296 1789 1362 1853 quo
1382 1776 1472 1845 tanta
1490 1779 1576 1836 esset
1589 1774 1770 1837 reverentia
1783 1776 1947 1850 maiorum

368 1870 443 1948 sive
456 1881 648 1948 domesticas
667 1902 720 1961 res
740 1889 875 1968 spectas,
898 1882 967 1944 sive
980 1877 1138 1966 publicas.
1183 1881 1261 1946 Non
1277 1894 1349 1946 esse
1363 1879 1529 1968 putabant,
1551 1883 1640 1950 nnde
1655 1895 1688 1951 et
1702 1885 1812 1952 sibiet
1826 1888 1950 1973 patriae

367 1997 503 2064 salutem
522 1995 714 2083 prudentius
735 2003 937 2081 quaererent,
958 1994 1023 2057 nisi
1041 1991 1179 2058 sollicite
1198 1990 1319 2060 tuenda
1339 2014 1379 2068 ea.
1398 1993 1584 2075 hereditate,
1607 2017 1691 2082 qnae
1708 2009 1836 2082 patrum
1857 2000 1948 2065 factis

368 2120 401 2175 et
421 2109 566 2178 moribus
586 2108 629 2176 ad
650 2131 686 2175 se
705 2110 920 2202 pervenissetz
944 2104 986 2171 ad
1006 2127 1118 2172 eorum
1138 2111 1360 2174 auctoritatem
1377 2119 1409 2174 et
1422 2130 1566 2176 normam
1581 2108 1777 2198 dirigendam
1793 2131 1866 2176 esse
1881 2132 1948 2177 om-

367 2245 442 2291 nem
461 2227 558 2290 animi
569 2212 717 2290 ¹acuendi
738 2233 837 2310 atque
851 2223 1021 2287 universae
1034 2224 1121 2287 vitae
1134 2220 1351 2287 instituendae
1365 2226 1530 2289 rationem.
1547 2313 1550 2316 q
1576 2223 1667 2311 Quid
1682 2224 1798 2290 multa?
1821 2245 1948 2291 omnem

366 2341 544 2426 praesentis
564 2342 718 2425 temporis
739 2359 834 2402 usum
855 2357 951 2421 quam
970 2337 1104 2401 mamme
1125 2334 1232 2400 facere
1252 2336 1410 2422 poterant,
1433 2336 1475 2402 ad
1495 2341 1660 2425 praeteriti
1679 2343 1751 2405 aevi
1764 2341 1948 2404 memoriam

366 2451 660 2517 accommodabant.

520 2566 594 2630 Hoc
612 2562 688 2628 loeo
709 2573 746 2627 ut
761 2546 908 2628 Graecus
926 2580 1040 2626 rursus
1055 2563 1089 2626 in
1105 2565 1345 2628 contentionem
1360 2583 1489 2629 vocem:
1512 2584 1622 2649 neque
1635 2568 1706 2649 pari
1720 2563 1842 2650 gloriae
1857 2569 1949 2651 cupi·

366 2680 465 2746 ditate
479 2678 541 2763 (⁴),
564 2698 672 2764 neque
691 2678 819 2764 pictatis
839 2678 873 2742 in
893 2677 1031 2742 maiores
1051 2696 1151 2742 sensu
1169 2686 1352 2743 caruerunt.
1397 2677 1442 2742 At
1461 2680 1614 2762 quoniam
1628 2676 1947 2765 benigniorcnatnra

365 2794 548 2871 utebantur,
571 2802 740 2879 tantopere
759 2793 794 2856 in
814 2800 951 2878 utraque
966 2812 1044 2856 eura
1059 2791 1122 2859 sibi
1136 2789 1334 2859 moliendum
1348 2812 1417 2858 non
1432 2812 1505 2858 esse
1518 2790 1681 2858 videbant
1725 2789 1947 2858 Honorificam

272 2982 274 2987 ,
364 2911 504 2976 nominis
525 2909 835 2994 memoriammagni
856 2904 1074 2984 aestimabant,
1100 2926 1172 2971 nou
1191 2909 1284 2970 anxie
1305 2906 1512 2990 quaerebant
1557 2907 1666 2993 Atque
1689 2914 1812 2972 tantum
1835 2904 1946 2984 abfuit,

365 3035 402 3087 ut
421 3026 561 3108 posteris
581 3023 717 3087 abcuius
737 3022 865 3082 virtutis
887 3017 1052 3103 praeclara
1072 3016 1216 3102 exempla
1236 3015 1394 3097 deessent,
1416 3030 1453 3084 ut
1475 3019 1554 3106 quid
1576 3024 1617 3086 sit
1636 3023 1737 3087 maius
1752 3023 1786 3086 in
1803 3019 1947 3087 Graeco·

365 3157 435 3201 rum
456 3135 597 3210 historia,
620 3153 716 3219 quam
738 3129 937 3218 singulorum
952 3131 1095 3194 virorum
1109 3149 1222 3217 magns
1236 3131 1363 3217 ingenia
1380 3139 1412 3196 ct
1427 3134 1560 3197 eximiae
1573 3136 1717 3211 virtutes,
1740 3138 1876 3218 reperiri
1890 3156 1947 3200 ne-

366 3259 471 3336 queat.
510 3249 635 3313 Verum
655 3268 693 3313 ea
712 3245 782 3312 tuis
791 3244 991 3313 Graecorum
1010 3265 1124 3309 secura
1146 3243 1304 3330 quaedam
1323 3244 1468 3325 felicitas,
1490 3254 1527 3310 ut
1546 3266 1630 3331 quae
1649 3244 1737 3311 bona
1756 3243 1870 3311 beatae
1889 3266 1946 3311 na-

365 3374 458 3426 tnrao
471 3359 634 3427 beneficio
649 3345 766 3448 sponte
781 3358 844 3426 sibi
859 3359 1010 3427 attributa
1023 3362 1191 3439 sentirent,
1208 3380 1318 3424 eorum
1333 3359 1465 3424 assidua
1480 3380 1557 3425 eura
1573 3380 1608 3425 se
1624 3358 1837 3447 supersedere
1848 3380 1947 3447 posse

366 3479 589 3542 existimarent.
634 3477 811 3562 Propterea
833 3479 918 3541 inter
938 3474 1084 3545 Graecos
1108 3473 1225 3562 singuli
1248 3477 1309 3539 viri
1333 3473 1561 3555 excelluerunt,
1588 3477 1742 3540 Romanis
1762 3474 1796 3541 id
1814 3495 1947 3561 magno·

364 3612 444 3680 pere
464 3589 640 3679 agentibus,
663 3600 699 3655 ut
719 3611 780 3677 per
800 3593 980 3655 universam
1001 3588 1140 3674 aliquam
1155 3599 1280 3677 gentem
1295 3593 1508 3676 praestantiae
1523 3589 1593 3654 laus
1610 3597 1642 3652 et
1657 3586 1832 3653 similitudo
1848 3590 1945 3672 perti-

366 3729 443 3774 nere
457 3704 630 3771 videretur.
675 3699 718 3770 Et
733 3704 933 3770 Graecorum
949 3703 1135 3791 magnitudo
1152 3727 1251 3792 quum
1265 3707 1363 3792 magis
1379 3715 1514 3769 naturae
1527 3701 1698 3781 beneficio,
1721 3703 1867 3767 Romana
1881 3702 1946 3765 vir-

364 3826 435 3898 tuti,
449 3825 545 3887 aniani
556 3820 714 3887 voluntati
728 3841 767 3884 ac
782 3819 989 3897 constantiae,
1005 3816 1146 3909 denique
1161 3820 1273 3905 patriis
1288 3820 1441 3882 institutis
1456 3815 1638 3895 deberetur,
1653 3814 1747 3880 facile
1757 3813 1945 3900 intelligitur
2039 3806 2047 3815 “

365 3935 416 3998 his
438 3945 474 3996 ut
494 3957 606 4020 magna
628 3957 760 4000 suorum
782 3932 925 4019 exempla
945 3931 1075 3997 assidue
1094 3940 1127 3997 et
1147 3940 1330 4017 spectarent
1350 3941 1382 3996 et
1401 3934 1601 3997 imitarentur
1615 3934 1712 4021 magis
1728 3926 1945 3994 necessarium

363 4050 475 4115 fuisse.
521 4046 657 4112 Graecis
677 4069 810 4113 snorum
830 4046 997 4114 admiratio
1013 4057 1045 4112 ct
1059 4067 1157 4125 amor,
1180 4048 1335 4112 Romanis
1351 4048 1492 4133 cognitio
1503 4055 1540 4111 'et
1555 4043 1705 4110 studium.
1750 4043 1842 4128 Quin
1857 4040 1945 4129 apud

367 4164 512 4228 timaeus
528 4182 570 4226 ne
584 4158 734 4226 invidiam
750 4158 880 4246 quidem
896 4159 1077 4244 effugiebat,
1101 4163 1129 4225 si
1145 4163 1217 4246 quis
1233 4162 1359 4226 virtutis
1375 4160 1510 4226 alicuius
1526 4159 1633 4226 studio
1649 4162 1693 4225 ita
1708 4178 1744 4222 se
1760 4153 1945 4234 dedidisset,

403 4447 445 4520 (¹)
476 4443 537 4506 Cic.
558 4445 642 4501 Tuse.
658 4402 687 4510 3,
703 4447 730 4499 2.
750 4448 779 4510 ⁵,
795 4447 838 4498 15.
857 4441 900 4498 16.
1527 4443 1573 4537 J

403 4552 444 4624 (¹)
475 4553 534 4613 Cic.
557 4554 786 4620 Tusc.t,15.-
802 4551 865 4610 Scio
882 4568 973 4626 neque
990 4551 1020 4606 iu
1038 4549 1169 4608 llouunis
1186 4548 1289 4617 demae,
1308 4549 1357 4624 qui
1374 4549 1412 4604 de
1428 4547 1629 4604 contemnenda
1648 4545 1735 4625 gloria
1754 4547 1872 4625 graviter
1888 4542 1944 4599 dis·

336 4630 342 4644 ¹
367 4653 479 4718 putent:
500 4655 528 4698 at
547 4642 665 4699 multum
684 4643 789 4708 aberat,
809 4653 840 4699 ut
858 4661 922 4700 eum
940 4643 1073 4698 eiusmodi
1088 4639 1261 4716 philosophia
1274 4642 1333 4715 ipsa
1346 4657 1518 4701 summorum
1531 4639 1675 4697 hominum
1687 4639 1743 4695 rita
1756 4646 1928 4711 congrueret.

403 4749 444 4822 (³)
476 4749 542 4805 Tac.
564 4751 640 4806 Ann.
656 4751 684 4817 q,
699 4758 744 4807 38.

403 4859 447 4934 (‘)
477 4877 503 4915 v.
525 4857 594 4913 Hor.
615 4859 701 4927 A.P.
721 4856 784 4915 did.
