<?xml version="1.0" encoding="UTF-8"?>
<!DOCTYPE html PUBLIC "-//W3C//DTD XHTML 1.0 Transitional//EN"
    "http://www.w3.org/TR/xhtml1/DTD/xhtml1-transitional.dtd">
<html xmlns="http://www.w3.org/1999/xhtml" xml:lang="en" lang="en">
 <head>
  <title>
</title>
<meta http-equiv="Content-Type" content="text/html;charset=utf-8" />
  <meta name='ocr-system' content='tesseract 3.04.00' />
  <meta name='ocr-capabilities' content='ocr_page ocr_carea ocr_par ocr_line ocrx_word'/>
</head>
<body>
  <div class='ocr_page' id='page_1' title='image "./commentatiodevi00wiesgoog_0052.png"; bbox 0 0 4178 5624; ppageno 0'>
   <div class='ocr_carea' id='block_1_1' title="bbox 933 363 981 436">
    <p class='ocr_par' dir='ltr' id='par_1_1' title="bbox 933 363 981 436">
     <span class='ocr_line' id='line_1_1' title="bbox 933 363 981 436; baseline -0.021 0"><span class='ocrx_word' id='word_1_1' title='bbox 933 363 981 436; x_wconf 83' lang='lat' dir='ltr'><strong>t5</strong></span> 
     </span>
    </p>
   </div>
   <div class='ocr_carea' id='block_1_2' title="bbox 840 477 1073 504">
    <p class='ocr_par' dir='ltr' id='par_1_2' title="bbox 840 477 1073 504">
     <span class='ocr_line' id='line_1_2' title="bbox 840 477 1073 504; baseline -0.009 0"><span class='ocrx_word' id='word_1_2' title='bbox 840 477 1073 504; x_wconf 64' lang='lat' dir='ltr'><strong>mmm</strong></span> 
     </span>
    </p>
   </div>
   <div class='ocr_carea' id='block_1_3' title="bbox 167 632 1750 1979">
    <p class='ocr_par' dir='ltr' id='par_1_3' title="bbox 167 632 1750 1979">
     <span class='ocr_line' id='line_1_3' title="bbox 169 632 1746 726; baseline -0.004 -20"><span class='ocrx_word' id='word_1_3' title='bbox 169 649 306 717; x_wconf 78' lang='lat' dir='ltr'><strong>seretur,</strong></span> <span class='ocrx_word' id='word_1_4' title='bbox 336 637 421 726; x_wconf 86' lang='lat' dir='ltr'><strong>leges</strong></span> <span class='ocrx_word' id='word_1_5' title='bbox 453 636 625 703; x_wconf 87' lang='lat' dir='ltr'><strong>maiestatis</strong></span> <span class='ocrx_word' id='word_1_6' title='bbox 654 632 853 698; x_wconf 78' lang='lat' dir='ltr'><strong>atrocissime</strong></span> <span class='ocrx_word' id='word_1_7' title='bbox 883 634 1037 696; x_wconf 85' lang='lat' dir='ltr'><strong>exercitas</strong></span> <span class='ocrx_word' id='word_1_8' title='bbox 1064 651 1134 696; x_wconf 90' lang='lat' dir='ltr'><strong>esse</strong></span> <span class='ocrx_word' id='word_1_9' title='bbox 1155 635 1198 714; x_wconf 93' lang='lat' dir='ltr'><strong>(l,</strong></span> <span class='ocrx_word' id='word_1_10' title='bbox 1211 632 1263 702; x_wconf 81' lang='lat'><strong>73.</strong></span> <span class='ocrx_word' id='word_1_11' title='bbox 1294 632 1381 698; x_wconf 87' lang='lat' dir='ltr'><strong>Suet.</strong></span> <span class='ocrx_word' id='word_1_12' title='bbox 1396 634 1464 716; x_wconf 89' lang='grc'><strong>61);</strong></span> <span class='ocrx_word' id='word_1_13' title='bbox 1495 635 1570 699; x_wconf 92' lang='lat' dir='ltr'><strong>binc</strong></span> <span class='ocrx_word' id='word_1_14' title='bbox 1593 644 1746 700; x_wconf 88' lang='lat' dir='ltr'><strong>terrorem</strong></span> 
     </span>
     <span class='ocr_line' id='line_1_4' title="bbox 171 744 1748 834; baseline -0.004 -14"><span class='ocrx_word' id='word_1_15' title='bbox 171 756 311 820; x_wconf 89' lang='lat' dir='ltr'><strong>omnium</strong></span> <span class='ocrx_word' id='word_1_16' title='bbox 333 755 456 818; x_wconf 87' lang='lat' dir='ltr'><strong>animos</strong></span> <span class='ocrx_word' id='word_1_17' title='bbox 477 751 645 827; x_wconf 86' lang='lat' dir='ltr'><strong>invasisse,</strong></span> <span class='ocrx_word' id='word_1_18' title='bbox 670 767 870 834; x_wconf 87' lang='lat' dir='ltr'><strong>congressus,</strong></span> <span class='ocrx_word' id='word_1_19' title='bbox 894 744 1067 832; x_wconf 88' lang='lat' dir='ltr'><strong>colloquia,</strong></span> <span class='ocrx_word' id='word_1_20' title='bbox 1089 755 1183 810; x_wconf 90' lang='lat' dir='ltr'><strong>notas</strong></span> <span class='ocrx_word' id='word_1_21' title='bbox 1203 749 1394 833; x_wconf 88' lang='lat' dir='ltr'><strong>ignotasque</strong></span> <span class='ocrx_word' id='word_1_22' title='bbox 1415 769 1510 812; x_wconf 88' lang='lat' dir='ltr'><strong>aures</strong></span> <span class='ocrx_word' id='word_1_23' title='bbox 1530 751 1632 825; x_wconf 86' lang='lat' dir='ltr'><strong>vitari,</strong></span> <span class='ocrx_word' id='word_1_24' title='bbox 1655 751 1748 814; x_wconf 89' lang='lat' dir='ltr'><strong>etiam</strong></span> 
     </span>
     <span class='ocr_line' id='line_1_5' title="bbox 169 862 1749 952; baseline -0.003 -19"><span class='ocrx_word' id='word_1_25' title='bbox 169 877 256 933; x_wconf 88' lang='lat' dir='ltr'><strong>muta</strong></span> <span class='ocrx_word' id='word_1_26' title='bbox 278 876 375 952; x_wconf 91' lang='lat' dir='ltr'><strong>atque</strong></span> <span class='ocrx_word' id='word_1_27' title='bbox 393 868 538 942; x_wconf 90' lang='lat' dir='ltr'><strong>inanima,</strong></span> <span class='ocrx_word' id='word_1_28' title='bbox 561 871 680 927; x_wconf 91' lang='lat' dir='ltr'><strong>tectum</strong></span> <span class='ocrx_word' id='word_1_29' title='bbox 696 871 728 926; x_wconf 91' lang='lat' dir='ltr'><strong>et</strong></span> <span class='ocrx_word' id='word_1_30' title='bbox 743 863 890 948; x_wconf 88' lang='lat' dir='ltr'><strong>parietes,</strong></span> <span class='ocrx_word' id='word_1_31' title='bbox 915 862 1173 946; x_wconf 78' lang='lat' dir='ltr'><strong>circumspecturi</strong></span> <span class='ocrx_word' id='word_1_32' title='bbox 1190 869 1313 947; x_wconf 88' lang='lat' dir='ltr'><strong>coepta.</strong></span> <span class='ocrx_word' id='word_1_33' title='bbox 1358 862 1536 948; x_wconf 80' lang='lat' dir='ltr'>Praecipue</span> <span class='ocrx_word' id='word_1_34' title='bbox 1552 873 1658 930; x_wconf 91' lang='lat' dir='ltr'><strong>autem</strong></span> <span class='ocrx_word' id='word_1_35' title='bbox 1673 874 1749 951; x_wconf 92' lang='lat' dir='ltr'><strong>post</strong></span> 
     </span>
     <span class='ocr_line' id='line_1_6' title="bbox 169 974 1748 1064; baseline -0.002 -18"><span class='ocrx_word' id='word_1_36' title='bbox 169 979 300 1046; x_wconf 86' lang='lat' dir='ltr'><strong>caedem</strong></span> <span class='ocrx_word' id='word_1_37' title='bbox 321 980 428 1045; x_wconf 88' lang='lat' dir='ltr'><strong>Seiani</strong></span> <span class='ocrx_word' id='word_1_38' title='bbox 449 979 483 1043; x_wconf 90' lang='lat' dir='ltr'><strong>in</strong></span> <span class='ocrx_word' id='word_1_39' title='bbox 505 997 601 1042; x_wconf 91' lang='lat' dir='ltr'><strong>omne</strong></span> <span class='ocrx_word' id='word_1_40' title='bbox 622 997 722 1064; x_wconf 90' lang='lat' dir='ltr'><strong>genus</strong></span> <span class='ocrx_word' id='word_1_41' title='bbox 744 974 942 1044; x_wconf 66' lang='lat' dir='ltr'><strong>crudelitatis</strong></span> <span class='ocrx_word' id='word_1_42' title='bbox 965 996 1037 1039; x_wconf 90' lang='lat' dir='ltr'><strong>eum</strong></span> <span class='ocrx_word' id='word_1_43' title='bbox 1058 976 1211 1060; x_wconf 82' lang='lat' dir='ltr'><strong>erupisse,</strong></span> <span class='ocrx_word' id='word_1_44' title='bbox 1239 995 1404 1058; x_wconf 86' lang='lat' dir='ltr'><strong>nunquam</strong></span> <span class='ocrx_word' id='word_1_45' title='bbox 1427 975 1596 1042; x_wconf 89' lang='lat' dir='ltr'><strong>deficiente</strong></span> <span class='ocrx_word' id='word_1_46' title='bbox 1616 981 1748 1044; x_wconf 91' lang='lat' dir='ltr'><strong>materia</strong></span> 
     </span>
     <span class='ocr_line' id='line_1_7' title="bbox 169 1088 1747 1178; baseline -0.001 -19"><span class='ocrx_word' id='word_1_47' title='bbox 169 1097 279 1178; x_wconf 81' lang='lat'><strong>(6,38.</strong></span> <span class='ocrx_word' id='word_1_48' title='bbox 301 1093 387 1160; x_wconf 85' lang='lat' dir='ltr'><strong>Suet.</strong></span> <span class='ocrx_word' id='word_1_49' title='bbox 402 1091 453 1156; x_wconf 86' lang='lat'><strong>59.</strong></span> <span class='ocrx_word' id='word_1_50' title='bbox 471 1092 523 1154; x_wconf 87' lang='grc'><strong>61.</strong></span> <span class='ocrx_word' id='word_1_51' title='bbox 540 1091 612 1174; x_wconf 84' lang='lat'>62):</span> <span class='ocrx_word' id='word_1_52' title='bbox 642 1092 677 1153; x_wconf 91' lang='lat' dir='ltr'><strong>in</strong></span> <span class='ocrx_word' id='word_1_53' title='bbox 700 1092 900 1154; x_wconf 88' lang='lat' dir='ltr'><strong>necessarios</strong></span> <span class='ocrx_word' id='word_1_54' title='bbox 922 1099 953 1154; x_wconf 90' lang='lat' dir='ltr'><strong>et</strong></span> <span class='ocrx_word' id='word_1_55' title='bbox 973 1088 1206 1154; x_wconf 84' lang='lat' dir='ltr'><strong>nobilissimum</strong></span> <span class='ocrx_word' id='word_1_56' title='bbox 1229 1109 1390 1174; x_wconf 85' lang='lat' dir='ltr'><strong>quemque</strong></span> <span class='ocrx_word' id='word_1_57' title='bbox 1412 1093 1572 1156; x_wconf 91' lang='lat' dir='ltr'><strong>continuis</strong></span> <span class='ocrx_word' id='word_1_58' title='bbox 1594 1088 1747 1158; x_wconf 86' lang='lat' dir='ltr'><strong>caedibus</strong></span> 
     </span>
     <span class='ocr_line' id='line_1_8' title="bbox 168 1201 1748 1291; baseline -0.001 -18"><span class='ocrx_word' id='word_1_59' title='bbox 168 1211 337 1284; x_wconf 86' lang='lat' dir='ltr'><strong>saevitum,</strong></span> <span class='ocrx_word' id='word_1_60' title='bbox 368 1207 525 1270; x_wconf 84' lang='lat' dir='ltr'><strong>civitatem</strong></span> <span class='ocrx_word' id='word_1_61' title='bbox 552 1202 736 1291; x_wconf 78' lang='lat' dir='ltr'><strong>ingentibus</strong></span> <span class='ocrx_word' id='word_1_62' title='bbox 759 1203 900 1268; x_wconf 90' lang='lat' dir='ltr'><strong>luctibus</strong></span> <span class='ocrx_word' id='word_1_63' title='bbox 923 1203 1081 1268; x_wconf 84' lang='lat' dir='ltr'><strong>funestam</strong></span> <span class='ocrx_word' id='word_1_64' title='bbox 1105 1202 1219 1281; x_wconf 85' lang='lat' dir='ltr'><strong>inisse,</strong></span> <span class='ocrx_word' id='word_1_65' title='bbox 1247 1201 1448 1268; x_wconf 87' lang='lat' dir='ltr'><strong>intercidisse</strong></span> <span class='ocrx_word' id='word_1_66' title='bbox 1472 1209 1567 1269; x_wconf 86' lang='lat' dir='ltr'><strong>sortis</strong></span> <span class='ocrx_word' id='word_1_67' title='bbox 1591 1207 1748 1272; x_wconf 86' lang='lat' dir='ltr'><strong>humanae</strong></span> 
     </span>
     <span class='ocr_line' id='line_1_9' title="bbox 170 1315 1747 1404; baseline 0 -18"><span class='ocrx_word' id='word_1_68' title='bbox 170 1322 392 1386; x_wconf 76' lang='lat' dir='ltr'><strong>commercium</strong></span> <span class='ocrx_word' id='word_1_69' title='bbox 416 1321 449 1382; x_wconf 85' lang='lat' dir='ltr'><strong>vi</strong></span> <span class='ocrx_word' id='word_1_70' title='bbox 472 1327 590 1384; x_wconf 92' lang='lat' dir='ltr'><strong>metus:</strong></span> <span class='ocrx_word' id='word_1_71' title='bbox 621 1325 776 1401; x_wconf 87' lang='lat' dir='ltr'><strong>quantum</strong></span> <span class='ocrx_word' id='word_1_72' title='bbox 797 1319 880 1381; x_wconf 91' lang='lat' dir='ltr'><strong>enim</strong></span> <span class='ocrx_word' id='word_1_73' title='bbox 904 1318 1034 1381; x_wconf 88' lang='lat' dir='ltr'><strong>saevitia</strong></span> <span class='ocrx_word' id='word_1_74' title='bbox 1051 1315 1211 1401; x_wconf 73' lang='lat' dir='ltr'><strong>glisceret,</strong></span> <span class='ocrx_word' id='word_1_75' title='bbox 1235 1318 1470 1383; x_wconf 86' lang='lat' dir='ltr'><strong>miserationem</strong></span> <span class='ocrx_word' id='word_1_76' title='bbox 1490 1318 1681 1404; x_wconf 87' lang='lat' dir='ltr'><strong>prohibitam</strong></span> <span class='ocrx_word' id='word_1_77' title='bbox 1702 1323 1747 1404; x_wconf 88' lang='lat'><strong>(6,</strong></span> 
     </span>
     <span class='ocr_line' id='line_1_10' title="bbox 171 1429 1749 1521; baseline 0.001 -23"><span class='ocrx_word' id='word_1_78' title='bbox 171 1436 242 1518; x_wconf 80' lang='lat'>19);</span> <span class='ocrx_word' id='word_1_79' title='bbox 265 1436 375 1518; x_wconf 92' lang='lat' dir='ltr'><strong>itaque</strong></span> <span class='ocrx_word' id='word_1_80' title='bbox 389 1437 538 1519; x_wconf 90' lang='lat' dir='ltr'><strong>&#39;promtas</strong></span> <span class='ocrx_word' id='word_1_81' title='bbox 558 1433 777 1503; x_wconf 87' lang='lat' dir='ltr'><strong>innocentium</strong></span> <span class='ocrx_word' id='word_1_82' title='bbox 798 1439 928 1510; x_wconf 87' lang='lat' dir='ltr'><strong>mortes,</strong></span> <span class='ocrx_word' id='word_1_83' title='bbox 952 1439 983 1494; x_wconf 87' lang='lat' dir='ltr'><strong>et</strong></span> <span class='ocrx_word' id='word_1_84' title='bbox 999 1431 1138 1518; x_wconf 92' lang='lat' dir='ltr'><strong>optimos</strong></span> <span class='ocrx_word' id='word_1_85' title='bbox 1153 1431 1241 1493; x_wconf 87' lang='lat' dir='ltr'><strong>viros</strong></span> <span class='ocrx_word' id='word_1_86' title='bbox 1256 1429 1415 1495; x_wconf 90' lang='lat' dir='ltr'><strong>moriendi</strong></span> <span class='ocrx_word' id='word_1_87' title='bbox 1430 1431 1599 1498; x_wconf 90' lang='lat' dir='ltr'><strong>consilium</strong></span> <span class='ocrx_word' id='word_1_88' title='bbox 1615 1438 1749 1521; x_wconf 85' lang='lat' dir='ltr'><strong>cepisse,</strong></span> 
     </span>
     <span class='ocr_line' id='line_1_11' title="bbox 167 1542 1750 1631; baseline 0 -19"><span class='ocrx_word' id='word_1_89' title='bbox 167 1549 338 1614; x_wconf 87' lang='lat' dir='ltr'><strong>honestum</strong></span> <span class='ocrx_word' id='word_1_90' title='bbox 358 1545 456 1610; x_wconf 87' lang='lat' dir='ltr'><strong>finem</strong></span> <span class='ocrx_word' id='word_1_91' title='bbox 479 1543 656 1624; x_wconf 87' lang='lat' dir='ltr'><strong>habituros,</strong></span> <span class='ocrx_word' id='word_1_92' title='bbox 680 1543 756 1610; x_wconf 93' lang='lat' dir='ltr'><strong>dum</strong></span> <span class='ocrx_word' id='word_1_93' title='bbox 776 1547 899 1631; x_wconf 80' lang='lat' dir='ltr'><strong>integri,</strong></span> <span class='ocrx_word' id='word_1_94' title='bbox 923 1542 999 1608; x_wconf 93' lang='lat' dir='ltr'><strong>dum</strong></span> <span class='ocrx_word' id='word_1_95' title='bbox 1020 1544 1166 1608; x_wconf 86' lang='lat' dir='ltr'><strong>intentati</strong></span> <span class='ocrx_word' id='word_1_96' title='bbox 1188 1554 1294 1608; x_wconf 89' lang='lat' dir='ltr'><strong>essent</strong></span> <span class='ocrx_word' id='word_1_97' title='bbox 1310 1545 1353 1625; x_wconf 89' lang='lat'><strong>(6,</strong></span> <span class='ocrx_word' id='word_1_98' title='bbox 1369 1546 1438 1627; x_wconf 86' lang='lat'>26):</span> <span class='ocrx_word' id='word_1_99' title='bbox 1463 1565 1546 1628; x_wconf 90' lang='lat' dir='ltr'><strong>quae</strong></span> <span class='ocrx_word' id='word_1_100' title='bbox 1561 1545 1689 1613; x_wconf 89' lang='lat' dir='ltr'><strong>tandem</strong></span> <span class='ocrx_word' id='word_1_101' title='bbox 1704 1547 1750 1612; x_wconf 87' lang='lat' dir='ltr'><strong>la·</strong></span> 
     </span>
     <span class='ocr_line' id='line_1_12' title="bbox 169 1657 1747 1746; baseline 0 -20"><span class='ocrx_word' id='word_1_102' title='bbox 169 1664 279 1727; x_wconf 86' lang='lat' dir='ltr'><strong>cinora</strong></span> <span class='ocrx_word' id='word_1_103' title='bbox 304 1668 401 1745; x_wconf 87' lang='lat' dir='ltr'><strong>atque</strong></span> <span class='ocrx_word' id='word_1_104' title='bbox 424 1659 541 1746; x_wconf 87' lang='lat' dir='ltr'><strong>tlagitia</strong></span> <span class='ocrx_word' id='word_1_105' title='bbox 564 1661 627 1745; x_wconf 91' lang='lat' dir='ltr'><strong>ipsi</strong></span> <span class='ocrx_word' id='word_1_106' title='bbox 652 1680 784 1744; x_wconf 89' lang='lat' dir='ltr'><strong>quoque</strong></span> <span class='ocrx_word' id='word_1_107' title='bbox 807 1662 842 1723; x_wconf 92' lang='lat' dir='ltr'><strong>in</strong></span> <span class='ocrx_word' id='word_1_108' title='bbox 864 1657 1057 1745; x_wconf 91' lang='lat' dir='ltr'><strong>supplicium</strong></span> <span class='ocrx_word' id='word_1_109' title='bbox 1080 1679 1173 1722; x_wconf 82' lang='lat' dir='ltr'><strong>versa</strong></span> <span class='ocrx_word' id='word_1_110' title='bbox 1197 1659 1242 1740; x_wconf 88' lang='lat'><strong>(6,</strong></span> <span class='ocrx_word' id='word_1_111' title='bbox 1256 1660 1285 1722; x_wconf 89' lang='lat'><strong>6.</strong></span> <span class='ocrx_word' id='word_1_112' title='bbox 1311 1657 1399 1723; x_wconf 90' lang='lat' dir='ltr'><strong>Suet.</strong></span> <span class='ocrx_word' id='word_1_113' title='bbox 1413 1660 1465 1724; x_wconf 84' lang='grc'><strong>63.</strong></span> <span class='ocrx_word' id='word_1_114' title='bbox 1483 1658 1535 1724; x_wconf 80' lang='grc'><strong>64.</strong></span> <span class='ocrx_word' id='word_1_115' title='bbox 1553 1662 1604 1724; x_wconf 92' lang='grc'><strong>66.</strong></span> <span class='ocrx_word' id='word_1_116' title='bbox 1622 1662 1689 1743; x_wconf 78' lang='lat'><strong>67).</strong></span> <span class='ocrx_word' id='word_1_117' title='bbox 1707 1698 1747 1713; x_wconf 96' lang='lat'><em>-</em></span> 
     </span>
     <span class='ocr_line' id='line_1_13' title="bbox 167 1771 1749 1858; baseline 0.003 -22"><span class='ocrx_word' id='word_1_118' title='bbox 167 1776 291 1841; x_wconf 80' lang='lat' dir='ltr'><strong>Verum</strong></span> <span class='ocrx_word' id='word_1_119' title='bbox 315 1795 357 1838; x_wconf 93' lang='lat' dir='ltr'><strong>ne</strong></span> <span class='ocrx_word' id='word_1_120' title='bbox 384 1777 457 1858; x_wconf 91' lang='lat' dir='ltr'><strong>quis</strong></span> <span class='ocrx_word' id='word_1_121' title='bbox 480 1771 591 1838; x_wconf 93' lang='lat' dir='ltr'><strong>iudicii</strong></span> <span class='ocrx_word' id='word_1_122' title='bbox 615 1775 814 1858; x_wconf 90' lang='lat' dir='ltr'><strong>iniquitatem</strong></span> <span class='ocrx_word' id='word_1_123' title='bbox 838 1775 871 1837; x_wconf 92' lang='lat' dir='ltr'><strong>in</strong></span> <span class='ocrx_word' id='word_1_124' title='bbox 894 1793 945 1837; x_wconf 93' lang='lat' dir='ltr'><strong>me</strong></span> <span class='ocrx_word' id='word_1_125' title='bbox 965 1771 1187 1858; x_wconf 88' lang='lat' dir='ltr'><strong>reprehendat,</strong></span> <span class='ocrx_word' id='word_1_126' title='bbox 1211 1793 1310 1856; x_wconf 93' lang='lat' dir='ltr'><strong>quum</strong></span> <span class='ocrx_word' id='word_1_127' title='bbox 1334 1774 1480 1836; x_wconf 89' lang='lat' dir='ltr'><strong>Tacitum</strong></span> <span class='ocrx_word' id='word_1_128' title='bbox 1504 1783 1536 1837; x_wconf 91' lang='lat' dir='ltr'><strong>ct</strong></span> <span class='ocrx_word' id='word_1_129' title='bbox 1559 1773 1749 1840; x_wconf 89' lang='lat' dir='ltr'><strong>Suetonium</strong></span> 
     </span>
     <span class='ocr_line' id='line_1_14' title="bbox 168 1883 1750 1979; baseline 0 -27"><span class='ocrx_word' id='word_1_130' title='bbox 168 1886 299 1953; x_wconf 87' lang='lat' dir='ltr'><strong>Velleio</strong></span> <span class='ocrx_word' id='word_1_131' title='bbox 320 1886 408 1952; x_wconf 86' lang='lat' dir='ltr'><strong>velut</strong></span> <span class='ocrx_word' id='word_1_132' title='bbox 430 1908 466 1952; x_wconf 82' lang='lat' dir='ltr'><strong>er</strong></span> <span class='ocrx_word' id='word_1_133' title='bbox 483 1908 588 1973; x_wconf 91' lang='lat' dir='ltr'><strong>aequo</strong></span> <span class='ocrx_word' id='word_1_134' title='bbox 605 1906 775 1973; x_wconf 89' lang='lat' dir='ltr'><strong>opponam,</strong></span> <span class='ocrx_word' id='word_1_135' title='bbox 799 1907 937 1972; x_wconf 88' lang='lat' dir='ltr'><strong>quorum</strong></span> <span class='ocrx_word' id='word_1_136' title='bbox 952 1895 1057 1951; x_wconf 91' lang='lat' dir='ltr'><strong>tamen</strong></span> <span class='ocrx_word' id='word_1_137' title='bbox 1073 1883 1119 1949; x_wconf 92' lang='lat' dir='ltr'><strong>illi</strong></span> <span class='ocrx_word' id='word_1_138' title='bbox 1134 1887 1314 1950; x_wconf 88' lang='lat' dir='ltr'><strong>universam</strong></span> <span class='ocrx_word' id='word_1_139' title='bbox 1330 1890 1435 1966; x_wconf 88' lang='lat' dir='ltr'><strong>vitam,</strong></span> <span class='ocrx_word' id='word_1_140' title='bbox 1458 1887 1511 1951; x_wconf 91' lang='lat' dir='ltr'><strong>hic</strong></span> <span class='ocrx_word' id='word_1_141' title='bbox 1525 1890 1665 1973; x_wconf 87' lang='lat' dir='ltr'><strong>priorem</strong></span> <span class='ocrx_word' id='word_1_142' title='bbox 1677 1897 1750 1979; x_wconf 21' lang='lat' dir='ltr'><strong>&#39;tan-</strong></span> 
     </span>
    </p>
   </div>
   <div class='ocr_carea' id='block_1_4' title="bbox 60 1999 1749 2086">
    <p class='ocr_par' dir='ltr' id='par_1_4' title="bbox 60 1999 1749 2086">
     <span class='ocr_line' id='line_1_15' title="bbox 60 1999 1749 2086; baseline 0 -19"><span class='ocrx_word' id='word_1_143' title='bbox 60 2060 65 2067; x_wconf 74' lang='grc'>,</span> <span class='ocrx_word' id='word_1_144' title='bbox 168 2012 235 2066; x_wconf 92' lang='lat' dir='ltr'><strong>tum</strong></span> <span class='ocrx_word' id='word_1_145' title='bbox 253 2023 386 2085; x_wconf 90' lang='lat' dir='ltr'><strong>eamque</strong></span> <span class='ocrx_word' id='word_1_146' title='bbox 401 2000 564 2065; x_wconf 90' lang='lat' dir='ltr'><strong>meliorem</strong></span> <span class='ocrx_word' id='word_1_147' title='bbox 581 2003 664 2063; x_wconf 86' lang='lat' dir='ltr'><strong>vitae</strong></span> <span class='ocrx_word' id='word_1_148' title='bbox 679 2009 801 2084; x_wconf 86' lang='lat' dir='ltr'><strong>partem</strong></span> <span class='ocrx_word' id='word_1_149' title='bbox 818 1999 1002 2085; x_wconf 80' lang='lat' dir='ltr'><strong>complexus</strong></span> <span class='ocrx_word' id='word_1_150' title='bbox 1018 2003 1074 2063; x_wconf 89' lang='lat' dir='ltr'><strong>sit:</strong></span> <span class='ocrx_word' id='word_1_151' title='bbox 1097 2020 1174 2063; x_wconf 90' lang='lat' dir='ltr'><strong>sane</strong></span> <span class='ocrx_word' id='word_1_152' title='bbox 1190 1999 1412 2086; x_wconf 89' lang='lat' dir='ltr'><strong>negligendum</strong></span> <span class='ocrx_word' id='word_1_153' title='bbox 1428 2011 1563 2079; x_wconf 91' lang='lat' dir='ltr'><strong>nonest,</strong></span> <span class='ocrx_word' id='word_1_154' title='bbox 1579 2021 1664 2066; x_wconf 87' lang='lat' dir='ltr'><strong>anno</strong></span> <span class='ocrx_word' id='word_1_155' title='bbox 1676 2012 1749 2067; x_wconf 91' lang='lat' dir='ltr'><strong>ante</strong></span> 
     </span>
    </p>
   </div>
   <div class='ocr_carea' id='block_1_5' title="bbox 168 2112 1750 2543">
    <p class='ocr_par' dir='ltr' id='par_1_5' title="bbox 168 2112 1750 2543">
     <span class='ocr_line' id='line_1_16' title="bbox 168 2112 1749 2199; baseline 0 -19"><span class='ocrx_word' id='word_1_156' title='bbox 168 2117 277 2181; x_wconf 88' lang='lat' dir='ltr'><strong>Seiani</strong></span> <span class='ocrx_word' id='word_1_157' title='bbox 293 2123 427 2179; x_wconf 87' lang='lat' dir='ltr'><strong>mortem</strong></span> <span class='ocrx_word' id='word_1_158' title='bbox 439 2112 601 2178; x_wconf 89' lang='lat' dir='ltr'><strong>Velleium</strong></span> <span class='ocrx_word' id='word_1_159' title='bbox 618 2115 800 2199; x_wconf 81' lang='lat' dir='ltr'><strong>scripsisse3</strong></span> <span class='ocrx_word' id='word_1_160' title='bbox 821 2123 853 2176; x_wconf 89' lang='lat' dir='ltr'><strong>at</strong></span> <span class='ocrx_word' id='word_1_161' title='bbox 869 2115 1001 2197; x_wconf 88' lang='lat' dir='ltr'><strong>quintus</strong></span> <span class='ocrx_word' id='word_1_162' title='bbox 1016 2116 1044 2176; x_wconf 92' lang='lat' dir='ltr'><strong>is</strong></span> <span class='ocrx_word' id='word_1_163' title='bbox 1060 2134 1164 2178; x_wconf 91' lang='lat' dir='ltr'><strong>annus</strong></span> <span class='ocrx_word' id='word_1_164' title='bbox 1180 2122 1237 2191; x_wconf 89' lang='lat' dir='ltr'><strong>est,</strong></span> <span class='ocrx_word' id='word_1_165' title='bbox 1252 2124 1423 2199; x_wconf 84' lang='lat' dir='ltr'><strong>postquem</strong></span> <span class='ocrx_word' id='word_1_166' title='bbox 1440 2113 1590 2180; x_wconf 91' lang='lat' dir='ltr'><strong>Tiberius</strong></span> <span class='ocrx_word' id='word_1_167' title='bbox 1605 2119 1638 2180; x_wconf 92' lang='lat' dir='ltr'><strong>in</strong></span> <span class='ocrx_word' id='word_1_168' title='bbox 1654 2114 1749 2181; x_wconf 89' lang='lat' dir='ltr'><strong>Cam-</strong></span> 
     </span>
     <span class='ocr_line' id='line_1_17' title="bbox 168 2209 1750 2316; baseline 0.001 -24"><span class='ocrx_word' id='word_1_169' title='bbox 168 2231 294 2313; x_wconf 87' lang='lat' dir='ltr'><strong>paniam</strong></span> <span class='ocrx_word' id='word_1_170' title='bbox 311 2225 388 2292; x_wconf 90' lang='lat' dir='ltr'><strong>abiit</strong></span> <span class='ocrx_word' id='word_1_171' title='bbox 398 2228 533 2292; x_wconf 84' lang='lat' dir='ltr'><strong>Romam</strong></span> <span class='ocrx_word' id='word_1_172' title='bbox 548 2247 616 2290; x_wconf 93' lang='lat' dir='ltr'><strong>uon</strong></span> <span class='ocrx_word' id='word_1_173' title='bbox 632 2225 803 2303; x_wconf 87' lang='lat' dir='ltr'><strong>rediturus,</strong></span> <span class='ocrx_word' id='word_1_174' title='bbox 819 2223 907 2289; x_wconf 92' lang='lat' dir='ltr'><strong>unde</strong></span> <span class='ocrx_word' id='word_1_175' title='bbox 921 2234 1008 2311; x_wconf 89' lang='lat' dir='ltr'><strong>patet</strong></span> <span class='ocrx_word' id='word_1_176' title='bbox 1023 2224 1191 2303; x_wconf 89' lang='lat' dir='ltr'><strong>Velleium,</strong></span> <span class='ocrx_word' id='word_1_177' title='bbox 1208 2209 1266 2290; x_wconf 89' lang='lat' dir='ltr'><strong>etsi</strong></span> <span class='ocrx_word' id='word_1_178' title='bbox 1279 2230 1442 2311; x_wconf 90' lang='lat' dir='ltr'><strong>posterius</strong></span> <span class='ocrx_word' id='word_1_179' title='bbox 1453 2238 1577 2316; x_wconf 89' lang='lat' dir='ltr'><strong>tempus</strong></span> <span class='ocrx_word' id='word_1_180' title='bbox 1589 2233 1750 2295; x_wconf 91' lang='lat' dir='ltr'><strong>atrociora</strong></span> 
     </span>
     <span class='ocr_line' id='line_1_18' title="bbox 168 2337 1749 2426; baseline 0.003 -22"><span class='ocrx_word' id='word_1_181' title='bbox 168 2340 250 2420; x_wconf 91' lang='lat' dir='ltr'><strong>tulit,</strong></span> <span class='ocrx_word' id='word_1_182' title='bbox 266 2345 327 2404; x_wconf 91' lang='lat' dir='ltr'><strong>iam</strong></span> <span class='ocrx_word' id='word_1_183' title='bbox 342 2349 409 2403; x_wconf 92' lang='lat' dir='ltr'><strong>tum</strong></span> <span class='ocrx_word' id='word_1_184' title='bbox 426 2361 494 2404; x_wconf 91' lang='lat' dir='ltr'><strong>eam</strong></span> <span class='ocrx_word' id='word_1_185' title='bbox 509 2340 687 2404; x_wconf 82' lang='lat' dir='ltr'><strong>facinorum</strong></span> <span class='ocrx_word' id='word_1_186' title='bbox 702 2337 934 2424; x_wconf 90' lang='lat' dir='ltr'><strong>turpitudinem</strong></span> <span class='ocrx_word' id='word_1_187' title='bbox 946 2338 1075 2418; x_wconf 89' lang='lat' dir='ltr'><strong>vidisse,</strong></span> <span class='ocrx_word' id='word_1_188' title='bbox 1091 2360 1174 2424; x_wconf 91' lang='lat' dir='ltr'><strong>quae</strong></span> <span class='ocrx_word' id='word_1_189' title='bbox 1189 2342 1347 2426; x_wconf 90' lang='lat' dir='ltr'><strong>integrum</strong></span> <span class='ocrx_word' id='word_1_190' title='bbox 1363 2344 1501 2407; x_wconf 88' lang='lat' dir='ltr'><strong>animum</strong></span> <span class='ocrx_word' id='word_1_191' title='bbox 1512 2341 1553 2407; x_wconf 91' lang='lat' dir='ltr'><strong>ab</strong></span> <span class='ocrx_word' id='word_1_192' title='bbox 1564 2342 1749 2410; x_wconf 89' lang='lat' dir='ltr'><strong>adulatione</strong></span> 
     </span>
     <span class='ocr_line' id='line_1_19' title="bbox 170 2451 1748 2543; baseline -0.001 -22"><span class='ocrx_word' id='word_1_193' title='bbox 170 2454 387 2521; x_wconf 88' lang='lat' dir='ltr'><strong>deterruisset.</strong></span> <span class='ocrx_word' id='word_1_194' title='bbox 433 2454 580 2519; x_wconf 87' lang='lat' dir='ltr'><strong>Suetonii</strong></span> <span class='ocrx_word' id='word_1_195' title='bbox 606 2451 723 2517; x_wconf 88' lang='lat' dir='ltr'><strong>librum</strong></span> <span class='ocrx_word' id='word_1_196' title='bbox 746 2452 869 2518; x_wconf 88' lang='lat' dir='ltr'><strong>Tiberii</strong></span> <span class='ocrx_word' id='word_1_197' title='bbox 893 2474 931 2516; x_wconf 84' lang='lat' dir='ltr'><strong>ex</strong></span> <span class='ocrx_word' id='word_1_198' title='bbox 956 2451 1038 2516; x_wconf 89' lang='lat' dir='ltr'><strong>urbe</strong></span> <span class='ocrx_word' id='word_1_199' title='bbox 1061 2473 1211 2517; x_wconf 75' lang='lat' dir='ltr'><strong>excessus</strong></span> <span class='ocrx_word' id='word_1_200' title='bbox 1235 2464 1386 2538; x_wconf 89' lang='lat' dir='ltr'><strong>tanquam</strong></span> <span class='ocrx_word' id='word_1_201' title='bbox 1409 2459 1442 2520; x_wconf 94' lang='lat' dir='ltr'><strong>in</strong></span> <span class='ocrx_word' id='word_1_202' title='bbox 1465 2454 1546 2520; x_wconf 92' lang='lat' dir='ltr'><strong>duas</strong></span> <span class='ocrx_word' id='word_1_203' title='bbox 1570 2467 1677 2543; x_wconf 84' lang='lat' dir='ltr'><strong>partes</strong></span> <span class='ocrx_word' id='word_1_204' title='bbox 1701 2454 1748 2521; x_wconf 88' lang='lat' dir='ltr'><strong>di-</strong></span> 
     </span>
    </p>
   </div>
   <div class='ocr_carea' id='block_1_6' title="bbox 63 2566 1749 2657">
    <p class='ocr_par' dir='ltr' id='par_1_6' title="bbox 63 2566 1749 2657">
     <span class='ocr_line' id='line_1_20' title="bbox 63 2566 1749 2657; baseline -0.001 -22"><span class='ocrx_word' id='word_1_205' title='bbox 63 2630 66 2635; x_wconf 90' lang='lat'><strong>.</strong></span> <span class='ocrx_word' id='word_1_206' title='bbox 168 2590 277 2634; x_wconf 86' lang='lat' dir='ltr'><strong>versas</strong></span> <span class='ocrx_word' id='word_1_207' title='bbox 292 2572 335 2632; x_wconf 90' lang='lat' dir='ltr'><strong>ita</strong></span> <span class='ocrx_word' id='word_1_208' title='bbox 351 2566 472 2645; x_wconf 88' lang='lat' dir='ltr'><strong>dividit,</strong></span> <span class='ocrx_word' id='word_1_209' title='bbox 490 2576 524 2631; x_wconf 93' lang='lat' dir='ltr'><strong>ut</strong></span> <span class='ocrx_word' id='word_1_210' title='bbox 539 2576 644 2631; x_wconf 89' lang='lat' dir='ltr'><strong>tamen</strong></span> <span class='ocrx_word' id='word_1_211' title='bbox 660 2567 753 2645; x_wconf 89' lang='lat' dir='ltr'><strong>dicat,</strong></span> <span class='ocrx_word' id='word_1_212' title='bbox 768 2569 947 2652; x_wconf 87' lang='lat' dir='ltr'><strong>principem</strong></span> <span class='ocrx_word' id='word_1_213' title='bbox 962 2575 1028 2630; x_wconf 91' lang='lat' dir='ltr'><strong>tum</strong></span> <span class='ocrx_word' id='word_1_214' title='bbox 1045 2587 1063 2629; x_wconf 91' lang='grc' dir='ltr'><strong>ιι</strong></span> <span class='ocrx_word' id='word_1_215' title='bbox 1080 2569 1214 2630; x_wconf 87' lang='lat' dir='ltr'><strong>civitatis</strong></span> <span class='ocrx_word' id='word_1_216' title='bbox 1230 2566 1334 2631; x_wconf 91' lang='lat' dir='ltr'><strong>oculis</strong></span> <span class='ocrx_word' id='word_1_217' title='bbox 1349 2577 1507 2657; x_wconf 78' lang='lat' dir='ltr'><strong>remotum</strong></span> <span class='ocrx_word' id='word_1_218' title='bbox 1524 2580 1639 2633; x_wconf 90' lang='lat' dir='ltr'><strong>cuncta</strong></span> <span class='ocrx_word' id='word_1_219' title='bbox 1654 2570 1749 2634; x_wconf 94' lang='lat' dir='ltr'><strong>simul</strong></span> 
     </span>
    </p>
   </div>
   <div class='ocr_carea' id='block_1_7' title="bbox 146 2675 1750 4819">
    <p class='ocr_par' dir='ltr' id='par_1_7' title="bbox 146 2675 1750 4819">
     <span class='ocr_line' id='line_1_21' title="bbox 168 2675 1749 2770; baseline 0 -22"><span class='ocrx_word' id='word_1_220' title='bbox 168 2685 256 2748; x_wconf 76' lang='lat' dir='ltr'><strong>vitio</strong></span> <span class='ocrx_word' id='word_1_221' title='bbox 270 2681 356 2747; x_wconf 83' lang='lat' dir='ltr'><strong>mule</strong></span> <span class='ocrx_word' id='word_1_222' title='bbox 370 2678 427 2745; x_wconf 83' lang='lat' dir='ltr'><strong>diu</strong></span> <span class='ocrx_word' id='word_1_223' title='bbox 442 2678 646 2746; x_wconf 83' lang='lat' dir='ltr'><strong>dissimulata</strong></span> <span class='ocrx_word' id='word_1_224' title='bbox 662 2675 795 2745; x_wconf 84' lang='lat' dir='ltr'><strong>taudem</strong></span> <span class='ocrx_word' id='word_1_225' title='bbox 806 2677 992 2769; x_wconf 71' lang='lat' dir='ltr'><strong>profudisse</strong></span> <span class='ocrx_word' id='word_1_226' title='bbox 1008 2678 1092 2761; x_wconf 77' lang='lat'><strong>(42),</strong></span> <span class='ocrx_word' id='word_1_227' title='bbox 1116 2689 1147 2743; x_wconf 93' lang='lat' dir='ltr'><strong>et</strong></span> <span class='ocrx_word' id='word_1_228' title='bbox 1163 2701 1189 2742; x_wconf 92' lang='lat' dir='ltr'><strong>c.</strong></span> <span class='ocrx_word' id='word_1_229' title='bbox 1200 2681 1257 2743; x_wconf 88' lang='lat'><strong>61:</strong></span> <span class='ocrx_word' id='word_1_230' title='bbox 1284 2684 1459 2766; x_wconf 78' lang='lat' dir='ltr'><strong>„apparuit</strong></span> <span class='ocrx_word' id='word_1_231' title='bbox 1482 2702 1550 2747; x_wconf 93' lang='grc' dir='ltr'>ιιοιι</span> <span class='ocrx_word' id='word_1_232' title='bbox 1566 2691 1628 2747; x_wconf 87' lang='lat' dir='ltr'><strong>tam</strong></span> <span class='ocrx_word' id='word_1_233' title='bbox 1643 2686 1749 2770; x_wconf 91' lang='lat' dir='ltr'><strong>ipsum</strong></span> 
     </span>
     <span class='ocr_line' id='line_1_22' title="bbox 170 2792 1749 2877; baseline -0.001 -15"><span class='ocrx_word' id='word_1_234' title='bbox 170 2794 210 2862; x_wconf 89' lang='lat' dir='ltr'><strong>ab</strong></span> <span class='ocrx_word' id='word_1_235' title='bbox 227 2795 345 2860; x_wconf 91' lang='lat' dir='ltr'><strong>Seiano</strong></span> <span class='ocrx_word' id='word_1_236' title='bbox 363 2796 518 2858; x_wconf 88' lang='lat' dir='ltr'><strong>concitari</strong></span> <span class='ocrx_word' id='word_1_237' title='bbox 534 2792 672 2870; x_wconf 91' lang='lat' dir='ltr'><strong>solitum,</strong></span> <span class='ocrx_word' id='word_1_238' title='bbox 696 2813 791 2877; x_wconf 90' lang='lat' dir='ltr'><strong>quam</strong></span> <span class='ocrx_word' id='word_1_239' title='bbox 806 2792 957 2857; x_wconf 87' lang='lat' dir='ltr'><strong>Seianum</strong></span> <span class='ocrx_word' id='word_1_240' title='bbox 978 2794 1145 2875; x_wconf 87' lang='lat' dir='ltr'><strong>quaerenti</strong></span> <span class='ocrx_word' id='word_1_241' title='bbox 1161 2794 1348 2857; x_wconf 89' lang='lat' dir='ltr'><strong>occasiones</strong></span> <span class='ocrx_word' id='word_1_242' title='bbox 1365 2793 1650 2861; x_wconf 86' lang='lat' dir='ltr'><strong>subministrasse.&#39;’</strong></span> <span class='ocrx_word' id='word_1_243' title='bbox 1688 2797 1749 2861; x_wconf 90' lang='lat' dir='ltr'><strong>Ta-</strong></span> 
     </span>
     <span class='ocr_line' id='line_1_23' title="bbox 170 2905 1750 2994; baseline 0.001 -20"><span class='ocrx_word' id='word_1_244' title='bbox 170 2913 252 2975; x_wconf 88' lang='lat' dir='ltr'><strong>citus</strong></span> <span class='ocrx_word' id='word_1_245' title='bbox 269 2916 373 2974; x_wconf 87' lang='lat' dir='ltr'><strong>eutem</strong></span> <span class='ocrx_word' id='word_1_246' title='bbox 395 2907 595 2994; x_wconf 87' lang='lat' dir='ltr'><strong>malignitatis</strong></span> <span class='ocrx_word' id='word_1_247' title='bbox 612 2908 744 2970; x_wconf 88' lang='lat' dir='ltr'><strong>crimine</strong></span> <span class='ocrx_word' id='word_1_248' title='bbox 760 2914 846 2970; x_wconf 88' lang='lat' dir='ltr'><strong>certe</strong></span> <span class='ocrx_word' id='word_1_249' title='bbox 860 2925 927 2970; x_wconf 92' lang='lat' dir='ltr'><strong>non</strong></span> <span class='ocrx_word' id='word_1_250' title='bbox 943 2905 1113 2984; x_wconf 90' lang='lat' dir='ltr'><strong>tenebitur,</strong></span> <span class='ocrx_word' id='word_1_251' title='bbox 1136 2914 1171 2969; x_wconf 92' lang='lat' dir='ltr'><strong>ut</strong></span> <span class='ocrx_word' id='word_1_252' title='bbox 1188 2909 1244 2991; x_wconf 93' lang='lat' dir='ltr'><strong>qui</strong></span> <span class='ocrx_word' id='word_1_253' title='bbox 1261 2909 1385 2993; x_wconf 88' lang='lat' dir='ltr'><strong>egregia</strong></span> <span class='ocrx_word' id='word_1_254' title='bbox 1399 2905 1521 2973; x_wconf 87' lang='lat' dir='ltr'><strong>Tiberii</strong></span> <span class='ocrx_word' id='word_1_255' title='bbox 1537 2918 1607 2973; x_wconf 87' lang='lat' dir='ltr'><strong>acta</strong></span> <span class='ocrx_word' id='word_1_256' title='bbox 1622 2911 1750 2974; x_wconf 88' lang='lat' dir='ltr'><strong>minime</strong></span> 
     </span>
     <span class='ocr_line' id='line_1_24' title="bbox 146 3018 1750 3109; baseline 0.001 -21"><span class='ocrx_word' id='word_1_257' title='bbox 146 3080 151 3089; x_wconf 84' lang='lat'><strong>.</strong></span> <span class='ocrx_word' id='word_1_258' title='bbox 171 3025 399 3109; x_wconf 86' lang='lat' dir='ltr'><strong>praetermittat</strong></span> <span class='ocrx_word' id='word_1_259' title='bbox 414 3021 459 3106; x_wconf 81' lang='lat' dir='ltr'><strong>(l,</strong></span> <span class='ocrx_word' id='word_1_260' title='bbox 474 3023 503 3086; x_wconf 89' lang='lat'><strong>6.</strong></span> <span class='ocrx_word' id='word_1_261' title='bbox 518 3022 563 3104; x_wconf 83' lang='lat'><strong>7),</strong></span> <span class='ocrx_word' id='word_1_262' title='bbox 586 3042 624 3085; x_wconf 85' lang='lat' dir='ltr'><strong>ac</strong></span> <span class='ocrx_word' id='word_1_263' title='bbox 640 3023 741 3085; x_wconf 86' lang='lat' dir='ltr'><strong>varias</strong></span> <span class='ocrx_word' id='word_1_264' title='bbox 757 3024 826 3085; x_wconf 90' lang='lat' dir='ltr'><strong>eius</strong></span> <span class='ocrx_word' id='word_1_265' title='bbox 842 3029 960 3085; x_wconf 86' lang='lat' dir='ltr'><strong>aetates</strong></span> <span class='ocrx_word' id='word_1_266' title='bbox 978 3023 1012 3085; x_wconf 92' lang='lat' dir='ltr'><strong>in</strong></span> <span class='ocrx_word' id='word_1_267' title='bbox 1028 3019 1115 3084; x_wconf 91' lang='lat' dir='ltr'><strong>hunc</strong></span> <span class='ocrx_word' id='word_1_268' title='bbox 1129 3018 1260 3084; x_wconf 93' lang='lat' dir='ltr'><strong>modum</strong></span> <span class='ocrx_word' id='word_1_269' title='bbox 1277 3018 1437 3086; x_wconf 89' lang='lat' dir='ltr'><strong>describat</strong></span> <span class='ocrx_word' id='word_1_270' title='bbox 1453 3024 1497 3106; x_wconf 92' lang='lat'><strong>(6,</strong></span> <span class='ocrx_word' id='word_1_271' title='bbox 1512 3026 1582 3107; x_wconf 89' lang='lat'>51):</span> <span class='ocrx_word' id='word_1_272' title='bbox 1606 3044 1750 3103; x_wconf 88' lang='lat' dir='ltr'><strong>„morum</strong></span> 
     </span>
     <span class='ocr_line' id='line_1_25' title="bbox 171 3133 1749 3223; baseline 0.001 -23"><span class='ocrx_word' id='word_1_273' title='bbox 171 3158 303 3223; x_wconf 91' lang='lat' dir='ltr'><strong>quoque</strong></span> <span class='ocrx_word' id='word_1_274' title='bbox 319 3145 463 3222; x_wconf 89' lang='lat' dir='ltr'><strong>tempora</strong></span> <span class='ocrx_word' id='word_1_275' title='bbox 479 3133 525 3199; x_wconf 91' lang='lat' dir='ltr'><strong>illi</strong></span> <span class='ocrx_word' id='word_1_276' title='bbox 545 3134 685 3199; x_wconf 84' lang='lat' dir='ltr'><strong>diversa:</strong></span> <span class='ocrx_word' id='word_1_277' title='bbox 710 3138 854 3220; x_wconf 87' lang='lat' dir='ltr'><strong>egregius</strong></span> <span class='ocrx_word' id='word_1_278' title='bbox 869 3137 934 3198; x_wconf 89' lang='lat' dir='ltr'><strong>vita</strong></span> <span class='ocrx_word' id='word_1_279' title='bbox 949 3134 1105 3219; x_wconf 88' lang='lat' dir='ltr'><strong>famaque,</strong></span> <span class='ocrx_word' id='word_1_280' title='bbox 1130 3133 1239 3218; x_wconf 86' lang='lat' dir='ltr'><strong>quoad</strong></span> <span class='ocrx_word' id='word_1_281' title='bbox 1254 3138 1398 3219; x_wconf 89' lang='lat' dir='ltr'><strong>privatus</strong></span> <span class='ocrx_word' id='word_1_282' title='bbox 1414 3135 1467 3202; x_wconf 85' lang='lat' dir='ltr'><strong>vel</strong></span> <span class='ocrx_word' id='word_1_283' title='bbox 1480 3139 1514 3201; x_wconf 92' lang='lat' dir='ltr'><strong>in</strong></span> <span class='ocrx_word' id='word_1_284' title='bbox 1529 3139 1671 3223; x_wconf 90' lang='lat' dir='ltr'><strong>imperiis</strong></span> <span class='ocrx_word' id='word_1_285' title='bbox 1687 3134 1749 3202; x_wconf 90' lang='lat' dir='ltr'><strong>sub</strong></span> 
     </span>
     <span class='ocr_line' id='line_1_26' title="bbox 169 3245 1748 3336; baseline 0.001 -22"><span class='ocrx_word' id='word_1_286' title='bbox 169 3251 317 3336; x_wconf 69' lang='lat' dir='ltr'><strong>Augusto</strong></span> <span class='ocrx_word' id='word_1_287' title='bbox 339 3251 414 3326; x_wconf 87' lang='lat' dir='ltr'><strong>luit;</strong></span> <span class='ocrx_word' id='word_1_288' title='bbox 439 3248 585 3314; x_wconf 90' lang='lat' dir='ltr'><strong>occultus</strong></span> <span class='ocrx_word' id='word_1_289' title='bbox 608 3270 646 3312; x_wconf 90' lang='lat' dir='ltr'><strong>ac</strong></span> <span class='ocrx_word' id='word_1_290' title='bbox 664 3247 824 3312; x_wconf 91' lang='lat' dir='ltr'><strong>subdolus</strong></span> <span class='ocrx_word' id='word_1_291' title='bbox 839 3246 998 3333; x_wconf 85' lang='lat' dir='ltr'><strong>fingendis</strong></span> <span class='ocrx_word' id='word_1_292' title='bbox 1013 3245 1194 3325; x_wconf 88' lang='lat' dir='ltr'><strong>virtutibus,</strong></span> <span class='ocrx_word' id='word_1_293' title='bbox 1218 3246 1325 3312; x_wconf 92' lang='lat' dir='ltr'><strong>donec</strong></span> <span class='ocrx_word' id='word_1_294' title='bbox 1340 3247 1552 3314; x_wconf 88' lang='lat' dir='ltr'><strong>Germanicus</strong></span> <span class='ocrx_word' id='word_1_295' title='bbox 1567 3271 1606 3320; x_wconf 88' lang='lat' dir='ltr'><strong>ac</strong></span> <span class='ocrx_word' id='word_1_296' title='bbox 1620 3251 1748 3315; x_wconf 90' lang='lat' dir='ltr'><strong>Drusus</strong></span> 
     </span>
     <span class='ocr_line' id='line_1_27' title="bbox 171 3361 1749 3459; baseline 0 -31"><span class='ocrx_word' id='word_1_297' title='bbox 171 3363 373 3448; x_wconf 76' lang='lat' dir='ltr'><strong>superfuere3</strong></span> <span class='ocrx_word' id='word_1_298' title='bbox 396 3363 481 3459; x_wconf 84' lang='lat' dir='ltr'><strong>idem</strong></span> <span class='ocrx_word' id='word_1_299' title='bbox 502 3367 586 3428; x_wconf 87' lang='lat' dir='ltr'><strong>inter</strong></span> <span class='ocrx_word' id='word_1_300' title='bbox 605 3362 691 3428; x_wconf 88' lang='lat' dir='ltr'><strong>bona</strong></span> <span class='ocrx_word' id='word_1_301' title='bbox 711 3362 858 3447; x_wconf 88' lang='lat' dir='ltr'><strong>malaque</strong></span> <span class='ocrx_word' id='word_1_302' title='bbox 878 3365 994 3426; x_wconf 82' lang='lat' dir='ltr'><strong>mixtus</strong></span> <span class='ocrx_word' id='word_1_303' title='bbox 1010 3361 1163 3435; x_wconf 90' lang='lat' dir='ltr'><strong>incolumi</strong></span> <span class='ocrx_word' id='word_1_304' title='bbox 1179 3372 1291 3439; x_wconf 73' lang='lat' dir='ltr'><strong>matre,</strong></span> <span class='ocrx_word' id='word_1_305' title='bbox 1315 3361 1513 3442; x_wconf 88' lang='lat' dir='ltr'><strong>intestabilis,</strong></span> <span class='ocrx_word' id='word_1_306' title='bbox 1538 3362 1595 3428; x_wconf 91' lang='lat' dir='ltr'><strong>sed</strong></span> <span class='ocrx_word' id='word_1_307' title='bbox 1612 3362 1749 3429; x_wconf 89' lang='lat' dir='ltr'><strong>obtectis</strong></span> 
     </span>
     <span class='ocr_line' id='line_1_28' title="bbox 169 3473 1750 3564; baseline 0.004 -25"><span class='ocrx_word' id='word_1_308' title='bbox 169 3473 359 3540; x_wconf 87' lang='lat' dir='ltr'><strong>libidinibus</strong></span> <span class='ocrx_word' id='word_1_309' title='bbox 380 3474 456 3540; x_wconf 92' lang='lat' dir='ltr'><strong>dum</strong></span> <span class='ocrx_word' id='word_1_310' title='bbox 472 3477 622 3541; x_wconf 90' lang='lat' dir='ltr'><strong>Seianum</strong></span> <span class='ocrx_word' id='word_1_311' title='bbox 645 3475 755 3541; x_wconf 85' lang='lat' dir='ltr'><strong>dilexit</strong></span> <span class='ocrx_word' id='word_1_312' title='bbox 776 3479 932 3540; x_wconf 90' lang='lat' dir='ltr'><strong>timuitve:</strong></span> <span class='ocrx_word' id='word_1_313' title='bbox 956 3485 1120 3561; x_wconf 88' lang='lat' dir='ltr'><strong>postremo</strong></span> <span class='ocrx_word' id='word_1_314' title='bbox 1142 3479 1175 3540; x_wconf 92' lang='lat' dir='ltr'><strong>in</strong></span> <span class='ocrx_word' id='word_1_315' title='bbox 1197 3476 1318 3540; x_wconf 89' lang='lat' dir='ltr'><strong>scelera</strong></span> <span class='ocrx_word' id='word_1_316' title='bbox 1336 3477 1430 3542; x_wconf 93' lang='lat' dir='ltr'><strong>simul</strong></span> <span class='ocrx_word' id='word_1_317' title='bbox 1446 3499 1484 3542; x_wconf 91' lang='lat' dir='ltr'><strong>ac</strong></span> <span class='ocrx_word' id='word_1_318' title='bbox 1499 3476 1659 3544; x_wconf 91' lang='lat' dir='ltr'><strong>dedecora</strong></span> <span class='ocrx_word' id='word_1_319' title='bbox 1674 3498 1750 3564; x_wconf 90' lang='lat' dir='ltr'><strong>pro·</strong></span> 
     </span>
     <span class='ocr_line' id='line_1_29' title="bbox 169 3587 1749 3680; baseline 0.001 -26"><span class='ocrx_word' id='word_1_320' title='bbox 169 3594 266 3676; x_wconf 86' lang='lat' dir='ltr'><strong>rupit,</strong></span> <span class='ocrx_word' id='word_1_321' title='bbox 284 3600 459 3680; x_wconf 78' lang='lat' dir='ltr'><strong>postquam</strong></span> <span class='ocrx_word' id='word_1_322' title='bbox 480 3605 603 3654; x_wconf 81' lang='lat' dir='ltr'><strong>remoto</strong></span> <span class='ocrx_word' id='word_1_323' title='bbox 619 3587 747 3680; x_wconf 77' lang='lat' dir='ltr'><strong>pudore</strong></span> <span class='ocrx_word' id='word_1_324' title='bbox 766 3605 800 3654; x_wconf 87' lang='lat' dir='ltr'><strong>et</strong></span> <span class='ocrx_word' id='word_1_325' title='bbox 818 3605 905 3655; x_wconf 86' lang='lat' dir='ltr'><strong>metu</strong></span> <span class='ocrx_word' id='word_1_326' title='bbox 924 3613 981 3655; x_wconf 86' lang='lat' dir='ltr'><strong>suo</strong></span> <span class='ocrx_word' id='word_1_327' title='bbox 1001 3604 1127 3654; x_wconf 83' lang='lat' dir='ltr'><strong>tantum</strong></span> <span class='ocrx_word' id='word_1_328' title='bbox 1148 3592 1279 3678; x_wconf 83' lang='lat' dir='ltr'><strong>ingenio</strong></span> <span class='ocrx_word' id='word_1_329' title='bbox 1301 3589 1461 3656; x_wconf 86' lang='lat' dir='ltr'><strong>utebatur.</strong></span> <span class='ocrx_word' id='word_1_330' title='bbox 1507 3593 1548 3657; x_wconf 92' lang='lat' dir='ltr'><strong>Et</strong></span> <span class='ocrx_word' id='word_1_331' title='bbox 1564 3602 1685 3676; x_wconf 92' lang='lat' dir='ltr'><strong>quanto</strong></span> <span class='ocrx_word' id='word_1_332' title='bbox 1701 3594 1749 3655; x_wconf 90' lang='lat' dir='ltr'><strong>in·</strong></span> 
     </span>
     <span class='ocr_line' id='line_1_30' title="bbox 170 3701 1749 3789; baseline 0 -20"><span class='ocrx_word' id='word_1_333' title='bbox 170 3713 292 3769; x_wconf 89' lang='lat' dir='ltr'><strong>tentum</strong></span> <span class='ocrx_word' id='word_1_334' title='bbox 313 3703 389 3769; x_wconf 91' lang='lat' dir='ltr'><strong>olim</strong></span> <span class='ocrx_word' id='word_1_335' title='bbox 409 3701 555 3789; x_wconf 89' lang='lat' dir='ltr'><strong>publicas</strong></span> <span class='ocrx_word' id='word_1_336' title='bbox 578 3703 619 3768; x_wconf 91' lang='lat' dir='ltr'><strong>ad</strong></span> <span class='ocrx_word' id='word_1_337' title='bbox 641 3725 743 3782; x_wconf 88' lang='lat' dir='ltr'><strong>curas,</strong></span> <span class='ocrx_word' id='word_1_338' title='bbox 767 3713 855 3768; x_wconf 87' lang='lat' dir='ltr'><strong>tanto</strong></span> <span class='ocrx_word' id='word_1_339' title='bbox 877 3725 950 3769; x_wconf 89' lang='lat' dir='ltr'><strong>mox</strong></span> <span class='ocrx_word' id='word_1_340' title='bbox 966 3703 1113 3770; x_wconf 90' lang='lat' dir='ltr'><strong>occultos</strong></span> <span class='ocrx_word' id='word_1_341' title='bbox 1128 3705 1162 3768; x_wconf 92' lang='lat' dir='ltr'><strong>in</strong></span> <span class='ocrx_word' id='word_1_342' title='bbox 1178 3703 1272 3768; x_wconf 83' lang='lat' dir='ltr'><strong>luxus</strong></span> <span class='ocrx_word' id='word_1_343' title='bbox 1289 3715 1320 3770; x_wconf 93' lang='lat' dir='ltr'><strong>et</strong></span> <span class='ocrx_word' id='word_1_344' title='bbox 1335 3706 1452 3770; x_wconf 89' lang='lat' dir='ltr'><strong>malum</strong></span> <span class='ocrx_word' id='word_1_345' title='bbox 1468 3707 1569 3770; x_wconf 91' lang='lat' dir='ltr'><strong>otium</strong></span> <span class='ocrx_word' id='word_1_346' title='bbox 1584 3704 1682 3769; x_wconf 86' lang='lat' dir='ltr'><strong>luisse</strong></span> <span class='ocrx_word' id='word_1_347' title='bbox 1698 3724 1749 3769; x_wconf 85' lang='lat' dir='ltr'><strong>re·</strong></span> 
     </span>
     <span class='ocr_line' id='line_1_31' title="bbox 171 3802 1749 3906; baseline 0 -24"><span class='ocrx_word' id='word_1_348' title='bbox 171 3817 312 3884; x_wconf 89' lang='lat' dir='ltr'><strong>solutum</strong></span> <span class='ocrx_word' id='word_1_349' title='bbox 329 3817 374 3900; x_wconf 65' lang='lat' dir='ltr'><strong>(le</strong></span> <span class='ocrx_word' id='word_1_350' title='bbox 388 3819 440 3888; x_wconf 84' lang='grc'><strong>67.</strong></span> <span class='ocrx_word' id='word_1_351' title='bbox 460 3822 486 3897; x_wconf 84' lang='grc'><strong>1,</strong></span> <span class='ocrx_word' id='word_1_352' title='bbox 501 3817 552 3884; x_wconf 82' lang='grc'><strong>54.</strong></span> <span class='ocrx_word' id='word_1_353' title='bbox 575 3818 664 3883; x_wconf 87' lang='lat' dir='ltr'><strong>Suet.</strong></span> <span class='ocrx_word' id='word_1_354' title='bbox 678 3802 729 3889; x_wconf 70' lang='lat' dir='ltr'><strong>bl·</strong></span> <span class='ocrx_word' id='word_1_355' title='bbox 744 3820 864 3888; x_wconf 83' lang='lat'><strong>27-29.</strong></span> <span class='ocrx_word' id='word_1_356' title='bbox 876 3821 1014 3903; x_wconf 80' lang='lat'><strong>31-35).</strong></span> <span class='ocrx_word' id='word_1_357' title='bbox 1043 3821 1129 3884; x_wconf 89' lang='lat' dir='ltr'><strong>Hinc</strong></span> <span class='ocrx_word' id='word_1_358' title='bbox 1143 3822 1238 3906; x_wconf 92' lang='lat' dir='ltr'><strong>igitur</strong></span> <span class='ocrx_word' id='word_1_359' title='bbox 1252 3818 1492 3904; x_wconf 88' lang='lat' dir='ltr'><strong>intelligendum</strong></span> <span class='ocrx_word' id='word_1_360' title='bbox 1508 3817 1655 3896; x_wconf 88' lang='lat' dir='ltr'><strong>arbitror,</strong></span> <span class='ocrx_word' id='word_1_361' title='bbox 1671 3816 1749 3882; x_wconf 88' lang='lat' dir='ltr'><strong>Vel-</strong></span> 
     </span>
     <span class='ocr_line' id='line_1_32' title="bbox 170 3928 1749 4018; baseline 0.001 -24"><span class='ocrx_word' id='word_1_362' title='bbox 170 3929 267 3994; x_wconf 91' lang='lat' dir='ltr'><strong>leium</strong></span> <span class='ocrx_word' id='word_1_363' title='bbox 289 3929 489 3997; x_wconf 87' lang='lat' dir='ltr'><strong>adulatorum</strong></span> <span class='ocrx_word' id='word_1_364' title='bbox 510 3954 600 4010; x_wconf 85' lang='lat' dir='ltr'><strong>more</strong></span> <span class='ocrx_word' id='word_1_365' title='bbox 622 3941 653 3997; x_wconf 88' lang='lat' dir='ltr'><strong>et</strong></span> <span class='ocrx_word' id='word_1_366' title='bbox 674 3931 880 4018; x_wconf 89' lang='lat' dir='ltr'><strong>cupidissimo</strong></span> <span class='ocrx_word' id='word_1_367' title='bbox 902 3928 974 3998; x_wconf 86' lang='lat' dir='ltr'><strong>cum</strong></span> <span class='ocrx_word' id='word_1_368' title='bbox 998 3933 1106 3997; x_wconf 91' lang='lat' dir='ltr'><strong>studio</strong></span> <span class='ocrx_word' id='word_1_369' title='bbox 1129 3934 1309 4016; x_wconf 87' lang='lat' dir='ltr'><strong>scripsisse;</strong></span> <span class='ocrx_word' id='word_1_370' title='bbox 1333 3934 1479 3996; x_wconf 87' lang='lat' dir='ltr'><strong>Tacitum</strong></span> <span class='ocrx_word' id='word_1_371' title='bbox 1499 3933 1634 3998; x_wconf 90' lang='lat' dir='ltr'><strong>honesta</strong></span> <span class='ocrx_word' id='word_1_372' title='bbox 1655 3936 1703 3997; x_wconf 88' lang='lat' dir='ltr'><strong>ira</strong></span> <span class='ocrx_word' id='word_1_373' title='bbox 1717 3941 1749 3998; x_wconf 90' lang='lat' dir='ltr'><strong>et</strong></span> 
     </span>
     <span class='ocr_line' id='line_1_33' title="bbox 171 4044 1748 4132; baseline 0.001 -24"><span class='ocrx_word' id='word_1_374' title='bbox 171 4047 250 4130; x_wconf 88' lang='lat' dir='ltr'><strong>reip.</strong></span> <span class='ocrx_word' id='word_1_375' title='bbox 266 4065 374 4110; x_wconf 86' lang='lat' dir='ltr'><strong>amore</strong></span> <span class='ocrx_word' id='word_1_376' title='bbox 394 4056 595 4125; x_wconf 92' lang='lat' dir='ltr'><strong>commotum,</strong></span> <span class='ocrx_word' id='word_1_377' title='bbox 617 4056 722 4123; x_wconf 85' lang='lat' dir='ltr'><strong>tamen</strong></span> <span class='ocrx_word' id='word_1_378' title='bbox 745 4068 828 4132; x_wconf 92' lang='lat' dir='ltr'><strong>quae</strong></span> <span class='ocrx_word' id='word_1_379' title='bbox 848 4066 924 4110; x_wconf 85' lang='lat' dir='ltr'><strong>vera</strong></span> <span class='ocrx_word' id='word_1_380' title='bbox 942 4066 995 4110; x_wconf 89' lang='lat' dir='ltr'><strong>res</strong></span> <span class='ocrx_word' id='word_1_381' title='bbox 1017 4055 1109 4123; x_wconf 88' lang='lat' dir='ltr'><strong>esset,</strong></span> <span class='ocrx_word' id='word_1_382' title='bbox 1133 4044 1300 4132; x_wconf 88' lang='lat' dir='ltr'><strong>diligenter</strong></span> <span class='ocrx_word' id='word_1_383' title='bbox 1314 4048 1535 4132; x_wconf 88' lang='lat' dir='ltr'><strong>inquisivisse;</strong></span> <span class='ocrx_word' id='word_1_384' title='bbox 1558 4047 1748 4114; x_wconf 90' lang='lat' dir='ltr'><strong>Suetonium</strong></span> 
     </span>
     <span class='ocr_line' id='line_1_34' title="bbox 172 4157 1747 4246; baseline 0 -23"><span class='ocrx_word' id='word_1_385' title='bbox 172 4158 358 4244; x_wconf 85' lang='lat' dir='ltr'><strong>simpliciter</strong></span> <span class='ocrx_word' id='word_1_386' title='bbox 377 4157 535 4237; x_wconf 89' lang='lat' dir='ltr'><strong>retulisse,</strong></span> <span class='ocrx_word' id='word_1_387' title='bbox 558 4181 642 4245; x_wconf 87' lang='lat' dir='ltr'><strong>quae</strong></span> <span class='ocrx_word' id='word_1_388' title='bbox 661 4170 838 4224; x_wconf 89' lang='lat' dir='ltr'><strong>memoratu</strong></span> <span class='ocrx_word' id='word_1_389' title='bbox 860 4158 955 4246; x_wconf 87' lang='lat' dir='ltr'><strong>digna</strong></span> <span class='ocrx_word' id='word_1_390' title='bbox 975 4168 1110 4245; x_wconf 87' lang='lat' dir='ltr'><strong>putaret,</strong></span> <span class='ocrx_word' id='word_1_391' title='bbox 1134 4160 1229 4225; x_wconf 90' lang='lat' dir='ltr'><strong>simul</strong></span> <span class='ocrx_word' id='word_1_392' title='bbox 1245 4162 1357 4227; x_wconf 89' lang='lat' dir='ltr'><strong>Tacito</strong></span> <span class='ocrx_word' id='word_1_393' title='bbox 1377 4165 1518 4228; x_wconf 87' lang='lat' dir='ltr'><strong>veritatis</strong></span> <span class='ocrx_word' id='word_1_394' title='bbox 1539 4169 1665 4226; x_wconf 91' lang='lat' dir='ltr'><strong>testem·</strong></span> <span class='ocrx_word' id='word_1_395' title='bbox 1689 4157 1747 4224; x_wconf 87' lang='lat' dir='ltr'><strong>sed</strong></span> 
     </span>
     <span class='ocr_line' id='line_1_35' title="bbox 174 4272 1748 4362; baseline 0.001 -27"><span class='ocrx_word' id='word_1_396' title='bbox 174 4275 343 4357; x_wconf 82' lang='lat' dir='ltr'><strong>quominus</strong></span> <span class='ocrx_word' id='word_1_397' title='bbox 364 4274 451 4339; x_wconf 87' lang='lat' dir='ltr'><strong>bunc</strong></span> <span class='ocrx_word' id='word_1_398' title='bbox 471 4273 580 4338; x_wconf 91' lang='lat' dir='ltr'><strong>locum</strong></span> <span class='ocrx_word' id='word_1_399' title='bbox 600 4272 779 4358; x_wconf 89' lang='lat' dir='ltr'><strong>relinquam</strong></span> <span class='ocrx_word' id='word_1_400' title='bbox 799 4272 978 4360; x_wconf 87' lang='lat' dir='ltr'><strong>impediunt</strong></span> <span class='ocrx_word' id='word_1_401' title='bbox 998 4294 1110 4340; x_wconf 90' lang='lat' dir='ltr'><strong>eorum</strong></span> <span class='ocrx_word' id='word_1_402' title='bbox 1124 4279 1309 4356; x_wconf 90' lang='lat' dir='ltr'><strong>sententiae,</strong></span> <span class='ocrx_word' id='word_1_403' title='bbox 1332 4299 1389 4362; x_wconf 83' lang='lat' dir='ltr'><strong>qur</strong></span> <span class='ocrx_word' id='word_1_404' title='bbox 1380 4275 1522 4340; x_wconf 87' lang='lat' dir='ltr'><strong>Velleii</strong></span> <span class='ocrx_word' id='word_1_405' title='bbox 1536 4272 1748 4360; x_wconf 87' lang='lat' dir='ltr'><strong>patrocinium</strong></span> 
     </span>
     <span class='ocr_line' id='line_1_36' title="bbox 172 4386 1748 4477; baseline 0.003 -28"><span class='ocrx_word' id='word_1_406' title='bbox 172 4399 392 4472; x_wconf 88' lang='lat' dir='ltr'><strong>susceperunt,</strong></span> <span class='ocrx_word' id='word_1_407' title='bbox 416 4388 506 4474; x_wconf 92' lang='lat' dir='ltr'><strong>quod</strong></span> <span class='ocrx_word' id='word_1_408' title='bbox 527 4387 617 4453; x_wconf 84' lang='lat' dir='ltr'><strong>haud</strong></span> <span class='ocrx_word' id='word_1_409' title='bbox 633 4409 707 4453; x_wconf 86' lang='lat' dir='ltr'><strong>raro</strong></span> <span class='ocrx_word' id='word_1_410' title='bbox 728 4387 875 4454; x_wconf 84' lang='lat' dir='ltr'><strong>accidere</strong></span> <span class='ocrx_word' id='word_1_411' title='bbox 889 4386 1043 4469; x_wconf 74' lang='lat' dir='ltr'><strong>&#39;videmus</strong></span> <span class='ocrx_word' id='word_1_412' title='bbox 1066 4387 1123 4454; x_wconf 91' lang='lat' dir='ltr'><strong>ubi</strong></span> <span class='ocrx_word' id='word_1_413' title='bbox 1143 4394 1216 4477; x_wconf 90' lang='lat' dir='ltr'><strong>quis</strong></span> <span class='ocrx_word' id='word_1_414' title='bbox 1232 4395 1265 4455; x_wconf 93' lang='lat' dir='ltr'><strong>in</strong></span> <span class='ocrx_word' id='word_1_415' title='bbox 1281 4391 1419 4475; x_wconf 91' lang='lat' dir='ltr'><strong>aliquem</strong></span> <span class='ocrx_word' id='word_1_416' title='bbox 1434 4389 1623 4472; x_wconf 83' lang='lat' dir='ltr'><strong>scriptorem</strong></span> <span class='ocrx_word' id='word_1_417' title='bbox 1639 4406 1748 4453; x_wconf 90' lang='lat' dir='ltr'><strong>curam</strong></span> 
     </span>
     <span class='ocr_line' id='line_1_37' title="bbox 173 4465 1747 4590; baseline 0.001 -25"><span class='ocrx_word' id='word_1_418' title='bbox 173 4521 263 4565; x_wconf 90' lang='lat' dir='ltr'><strong>suam</strong></span> <span class='ocrx_word' id='word_1_419' title='bbox 280 4521 474 4587; x_wconf 88' lang='lat' dir='ltr'><strong>operamque</strong></span> <span class='ocrx_word' id='word_1_420' title='bbox 489 4465 693 4590; x_wconf 43' lang='lat' dir='ltr'><strong>prdccipuam</strong></span> <span class='ocrx_word' id='word_1_421' title='bbox 711 4503 843 4569; x_wconf 80' lang='lat' dir='ltr'><strong>confert.</strong></span> <span class='ocrx_word' id='word_1_422' title='bbox 881 4505 964 4573; x_wconf 89' lang='lat' dir='ltr'><strong>Nam</strong></span> <span class='ocrx_word' id='word_1_423' title='bbox 978 4506 1029 4569; x_wconf 87' lang='lat' dir='ltr'><strong>Fr.</strong></span> <span class='ocrx_word' id='word_1_424' title='bbox 1041 4503 1214 4570; x_wconf 90' lang='lat' dir='ltr'><strong>Jacobsius</strong></span> <span class='ocrx_word' id='word_1_425' title='bbox 1230 4503 1329 4590; x_wconf 90' lang='lat' dir='ltr'><strong>prael.</strong></span> <span class='ocrx_word' id='word_1_426' title='bbox 1348 4501 1431 4567; x_wconf 90' lang='lat' dir='ltr'><strong>Vcll.</strong></span> <span class='ocrx_word' id='word_1_427' title='bbox 1447 4522 1584 4588; x_wconf 92' lang='lat' dir='ltr'><strong>german.</strong></span> <span class='ocrx_word' id='word_1_428' title='bbox 1602 4522 1747 4567; x_wconf 87' lang='lat' dir='ltr'><strong>convers.</strong></span> 
     </span>
     <span class='ocr_line' id='line_1_38' title="bbox 171 4613 1749 4711; baseline 0.001 -33"><span class='ocrx_word' id='word_1_429' title='bbox 171 4613 492 4709; x_wconf 72' lang='lat' dir='ltr'><strong>p.rv111.Velleium</strong></span> <span class='ocrx_word' id='word_1_430' title='bbox 509 4639 576 4681; x_wconf 89' lang='lat' dir='ltr'><strong>eam</strong></span> <span class='ocrx_word' id='word_1_431' title='bbox 593 4622 635 4682; x_wconf 88' lang='lat' dir='ltr'><strong>ait</strong></span> <span class='ocrx_word' id='word_1_432' title='bbox 651 4617 692 4682; x_wconf 91' lang='lat' dir='ltr'><strong>de</strong></span> <span class='ocrx_word' id='word_1_433' title='bbox 704 4617 836 4711; x_wconf 90' lang='lat' dir='ltr'><strong>Tiberio</strong></span> <span class='ocrx_word' id='word_1_434' title='bbox 853 4613 1038 4705; x_wconf 89' lang='lat' dir='ltr'><strong>opinionem</strong></span> <span class='ocrx_word' id='word_1_435' title='bbox 1056 4621 1252 4702; x_wconf 86' lang='lat' dir='ltr'><strong>concepisse,</strong></span> <span class='ocrx_word' id='word_1_436' title='bbox 1269 4639 1362 4703; x_wconf 86' lang='lat' dir='ltr'><strong>quam</strong></span> <span class='ocrx_word' id='word_1_437' title='bbox 1376 4615 1488 4681; x_wconf 88' lang='lat' dir='ltr'><strong>eodem</strong></span> <span class='ocrx_word' id='word_1_438' title='bbox 1501 4625 1645 4703; x_wconf 91' lang='lat' dir='ltr'><strong>tempore</strong></span> <span class='ocrx_word' id='word_1_439' title='bbox 1657 4615 1749 4681; x_wconf 91' lang='lat' dir='ltr'><strong>multi</strong></span> 
     </span>
     <span class='ocr_line' id='line_1_39' title="bbox 172 4727 1747 4819; baseline 0.001 -26"><span class='ocrx_word' id='word_1_440' title='bbox 172 4727 310 4796; x_wconf 82' lang='lat' dir='ltr'><strong>Romani</strong></span> <span class='ocrx_word' id='word_1_441' title='bbox 329 4727 514 4810; x_wconf 88' lang='lat' dir='ltr'><strong>habuerint,</strong></span> <span class='ocrx_word' id='word_1_442' title='bbox 537 4740 568 4817; x_wconf 86' lang='lat' dir='ltr'><strong>et</strong></span> <span class='ocrx_word' id='word_1_443' title='bbox 588 4736 675 4818; x_wconf 87' lang='lat' dir='ltr'><strong>pacis</strong></span> <span class='ocrx_word' id='word_1_444' title='bbox 696 4731 743 4799; x_wconf 92' lang='lat' dir='ltr'><strong>illi</strong></span> <span class='ocrx_word' id='word_1_445' title='bbox 762 4743 913 4815; x_wconf 90' lang='lat' dir='ltr'><strong>amantes,</strong></span> <span class='ocrx_word' id='word_1_446' title='bbox 936 4753 998 4799; x_wconf 87' lang='lat' dir='ltr'><strong>nec</strong></span> <span class='ocrx_word' id='word_1_447' title='bbox 1019 4733 1126 4796; x_wconf 91' lang='lat' dir='ltr'><strong>omnia</strong></span> <span class='ocrx_word' id='word_1_448' title='bbox 1147 4733 1301 4819; x_wconf 88' lang='lat' dir='ltr'><strong>principis</strong></span> <span class='ocrx_word' id='word_1_449' title='bbox 1321 4731 1466 4798; x_wconf 81' lang='lat' dir='ltr'><strong>facinora</strong></span> <span class='ocrx_word' id='word_1_450' title='bbox 1487 4730 1623 4798; x_wconf 89' lang='lat' dir='ltr'><strong>sollicita</strong></span> <span class='ocrx_word' id='word_1_451' title='bbox 1643 4733 1747 4816; x_wconf 87' lang='lat' dir='ltr'><strong>suspi-</strong></span> 
     </span>
    </p>
   </div>
   <div class='ocr_carea' id='block_1_8' title="bbox 0 0 2096 5624">
    <p class='ocr_par' dir='ltr' id='par_1_8' title="bbox 0 0 2096 5624">
     <span class='ocr_line' id='line_1_40' title="bbox 0 0 2096 5624; baseline 0 0"><span class='ocrx_word' id='word_1_452' title='bbox 0 0 2096 5624; x_wconf 95' lang='lat' dir='ltr'><strong> </strong></span> 
     </span>
    </p>
   </div>
  </div>
 </body>
</html>
