4178 5624
1020 320 1066 395 41

926 433 1161 463 m

251 619 318 683 non
339 600 434 666 nimis
454 595 595 662 valuisse
613 596 818 683 perspicuum
834 594 884 659 sit
901 628 942 658 -e
978 591 1123 658 Tertium
1141 587 1258 657 librum
1279 591 1443 682 prioribus
1464 594 1533 662 iere
1553 596 1747 678 adiunctum,
1770 601 1828 685 qui

253 722 302 778 eet
319 711 361 778 de
378 714 463 780 viris
485 709 680 789 illaotribusr
692 718 825 795 propter
844 706 972 772 titulum
994 716 1093 792 atque
1113 710 1289 794 argumenti
1304 708 1550 789 similitudinem,
1575 710 1743 778 codicibus
1758 734 1827 780 non

252 829 383 893 omnino
395 821 660 912 impedientibus,
683 822 737 888 alii
753 821 853 890 Corn
866 822 996 909 Nepoti,
1019 820 1073 886 alii
1088 820 1255 899 Suetonio,
1278 821 1332 886 alii
1352 822 1423 888 aliis
1438 823 1601 890 vindicare
1622 829 1728 892 conati
1743 836 1827 893 sunt

251 942 282 1005 J.
295 942 333 1005 A.
345 938 512 1006 Fabricius
527 939 671 1002 Victoris
693 958 764 1002 esse
787 935 932 1015 credidit,
956 934 1120 1002 eosolum
1139 943 1325 1022 argumento
1347 935 1473 1016 ductus,
1492 938 1586 1024 ¹quod
1608 943 1641 1004 in
1663 940 1829 1006 nonnullis

253 1052 346 1120 codd.
362 1075 436 1141 pars
452 1053 603 1117 historiae
618 1048 823 1116 abbreviatae
837 1053 983 1116 Victoris
992 1048 1193 1116 inscribitur.
1234 1050 1381 1114 Fuerunt
1396 1052 1498 1130 etiam,
1521 1055 1578 1135 qui
1593 1051 1634 1118 de
1649 1052 1755 1120 Plinio
1772 1057 1830 1120 mi-

252 1189 335 1234 nore
356 1170 539 1256 cogitarent,
562 1163 737 1230 accedente
759 1163 907 1230 codicum
928 1143 1131 1250 quorundam
1152 1167 1355 1231 auctoritate:
1378 1163 1478 1228 multa
1494 1166 1576 1229 enim
1590 1168 1625 1229 in
1640 1166 1703 1233 hoc
1716 1166 1828 1234 libello

213 1309 216 1315 ⁴
252 1303 291 1346 ex
312 1284 404 1346 Livio
426 1288 530 1344 sumta
552 1287 584 1344 et
598 1279 723 1345 Plinius
738 1299 797 1365 per
812 1281 913 1361 otium
929 1279 1011 1343 Livii
1026 1279 1174 1343 historias
1190 1298 1364 1363 excerpens
1380 1282 1444 1364 (ep.
1454 1279 1483 1358 6,
1496 1283 1561 1362 20.)
1577 1281 1697 1364 optime
1712 1303 1829 1349 conve-

249 1398 320 1462 nire
340 1392 543 1460 videbantur.
589 1394 632 1457 At
652 1402 775 1457 tantum
795 1390 895 1471 abest,
918 1398 954 1454 ut
966 1389 1207 1477 ‚horumalicui
1225 1389 1383 1454 vindicari
1399 1389 1524 1470 debeat,
1546 1402 1583 1456 ut
1598 1395 1681 1458 sitne
1697 1399 1828 1464 omnino

250 1518 394 1573 veterum
418 1516 522 1590 aetate
543 1509 755 1592 conscriptus,
777 1508 891 1570 merito
906 1503 1022 1591 ambigi
1037 1506 1150 1590 possit.
1195 1503 1278 1589 Nam
1294 1503 1353 1582 his,
1376 1523 1460 1589 quos
1475 1504 1573 1570 modo
1588 1510 1760 1587 nominavi,
1781 1513 1830 1574 in-

250 1621 381 1708 dignum
403 1641 475 1685 esse
491 1629 522 1685 et
538 1623 644 1705 operis
661 1619 782 1685 exilitas
799 1629 831 1684 et
845 1621 1001 1684 sermonis
1017 1637 1118 1704 genus
1133 1615 1313 1683 luculenter
1329 1615 1562 1694 demonstrant;
1586 1617 1670 1684 adde
1685 1621 1775 1706 quod
1791 1644 1831 1690 ex

252 1735 351 1801 Corn.
367 1736 506 1821 Nepotis
527 1736 717 1820 cognomine
736 1733 822 1801 libro
837 1741 881 1799 'ea
902 1742 1027 1820 servata
1047 1739 1131 1811 sunt,
1154 1753 1237 1819 quaa
1257 1733 1372 1818 partim
1391 1732 1468 1798 huic
1482 1730 1594 1797 libello
1610 1731 1829 1814 adversantur,

250 1852 365 1934 partim
376 1847 645 1916 desideranturin
658 1869 708 1915 eo.
734 1847 887 1916 Ceterum
898 1869 1005 1932 neque
1016 1844 1232 1912 hunclibrum
1242 1849 1276 1911 in
1287 1849 1424 1912 vitarum
1434 1867 1602 1912 numerum
1614 1856 1701 1912 recte
1712 1847 1830 1914 retule-

250 1965 304 2041 ris,
317 1961 376 2029 sed
387 1973 463 2028 sunt
473 1962 590 2028 breves
602 1949 709 2028 re'rum
721 1961 974 2029 memorabilium
986 1964 1185 2027 narrationes
1197 1981 1236 2025 ex
1248 1959 1419 2026 illustrium
1430 1963 1572 2027 virorum
1581 1963 1654 2027 vitis
1666 1960 1829 2043 collectae,

250 2079 402 2152 virtutum
418 2079 571 2161 imprimis
594 2075 746 2162 exempla,
769 2084 806 2140 ut
825 2096 1000 2161 puerorum
1020 2073 1161 2153 lectioni,
1184 2073 1345 2140 iucundae
1359 2096 1438 2140 sane
1454 2084 1486 2140 et
1500 2073 1580 2155 utili,
1602 2085 1765 2142 auctorem
1781 2079 1830 2142 in-

250 2192 370 2254 servire
392 2188 535 2254 voluisse
556 2210 624 2254 non
646 2199 765 2254 temere
780 2192 990 2276 suspicemur.
1027 2188 1141 2271 Insunt
1155 2209 1174 2251 a
1189 2187 1301 2267 Proca,
1323 2210 1399 2274 rege
1413 2187 1622 2269 Albanorum,
1636 2192 1697 2254 viri
1712 2193 1746 2255 in
1761 2191 1830 2255 Ro-

132 2362 137 2376 ,
250 2306 352 2367 manis
367 2305 501 2367 maxime
517 2301 678 2383 celebrati,
693 2324 798 2389 usqne
813 2302 854 2367 ad
864 2304 1068 2389 Pompeium
1085 2299 1204 2387 quibus
1220 2322 1259 2366 ex
1273 2299 1365 2366 libris
1380 2323 1453 2368 mss.
1465 2305 1587 2389 primus
1603 2302 1703 2371 Andr.
1715 2303 1830 2371 Schot-

250 2425 302 2480 tus
317 2414 399 2480 alios
414 2413 539 2481 addidit
553 2437 658 2502 usqne
674 2415 714 2481 ad
732 2417 930 2482 Antoninum
946 2425 978 2481 et
993 2415 1212 2502 Cleopatram:
1235 2415 1372 2502 plurima
1387 2414 1658 2504 deprehendimus
1679 2437 1719 2482 ex
1734 2419 1827 2483 Livio

250 2531 364 2595 hausta
376 2551 416 2596 eo
425 2529 493 2594 iere
501 2529 608 2608 modo,
621 2552 687 2616 quo
695 2532 727 2595 J.
738 2529 936 2616 Obsequens
945 2533 979 2594 in
989 2550 1088 2615 opere
1097 2549 1158 2593 suo
1166 2539 1312 2594 versatus
1322 2540 1378 2607 est,
1389 2551 1496 2616 neque
1505 2533 1650 2596 cautiore
1657 2529 1828 2618 diligentia.

402 2641 565 2709 Clandant
579 2664 691 2730 agmen
706 2646 912 2734 Panegyrici,
928 2645 986 2729 qui
1002 2663 1193 2728 quamquam
1209 2640 1250 2706 ab
1266 2645 1408 2708 oratorio
1423 2663 1540 2728 genere
1553 2645 1689 2729 propius
1702 2641 1829 2724 absunt,

224 2786 228 2792 ·
249 2767 355 2822 tamen
376 2765 408 2820 et
421 2759 491 2840 'ipsi
510 2759 689 2842 potentium
711 2760 883 2828 memoriae
903 2757 1031 2841 scriptis
1050 2757 1117 2819 anis
1138 2753 1308 2819 consulere
1322 2754 1511 2819 voluerunt:
1534 2755 1593 2820 sed
1610 2755 1752 2820 breviter
1766 2758 1830 2822 hoc

249 2870 325 2936 loco
341 2869 382 2934 de
397 2872 436 2934 iis
452 2868 659 2935 admonuisse
673 2871 749 2933 satis
764 2868 880 2934 habeo.
919 2870 1010 2934 Licet
1025 2870 1122 2955 igitur
1136 2888 1248 2932 eorum
1263 2866 1360 2933 lectio
1374 2888 1443 2933 non
1458 2870 1528 2933 sine
1542 2866 1644 2934 multo
1659 2879 1725 2934 tum
1741 2868 1829 2936 abie-

251 2993 321 3049 ctae
336 2982 539 3060 adulationis,
561 2992 628 3046 tum
644 2985 801 3048 sermonis
816 2981 897 3047 male
913 2985 1054 3067 speciosi
1067 2979 1197 3047 fastidio
1212 2984 1336 3046 institui
1350 2985 1462 3068 possit,
1483 2981 1632 3047 nonnihil
1646 2991 1751 3049 umen
1766 2987 1829 3049 uti-

250 3096 346 3161 litatis
367 3095 532 3183 praebent,
555 3095 642 3182 quod
664 3100 697 3161 iu
719 3095 935 3183 exaggeranda
957 3098 1139 3182 principum
1158 3093 1256 3160 laude
1276 3117 1375 3180 quum
1396 3094 1535 3182 gloriose
1552 3095 1636 3161 facta
1650 3107 1828 3178 recensent,

250 3209 344 3276 simul
359 3209 411 3276 vel
426 3213 510 3276 vitae
529 3220 618 3275 actae
633 3213 799 3297 imaginem
815 3208 1015 3290 adumbrant,
1036 3209 1090 3274 vel
1104 3231 1142 3275 ea
1157 3217 1343 3287 memorant,
1366 3229 1449 3293 quae
1464 3230 1531 3274 non
1546 3209 1610 3275 alio
1626 3221 1758 3277 sudore
1773 3234 1828 3278 co-

250 3327 335 3410 gnita
357 3323 520 3389 habemus.
565 3326 639 3390 lloc
657 3329 788 3390 nomine
803 3346 911 3410 neque
925 3324 1022 3390 Plinii
1036 3325 1251 3410 panegyricus
1267 3321 1521 3388 contemnendus
1538 3333 1595 3402 eet,
1616 3345 1678 3391 nec
1694 3324 1745 3393 Cl.
1757 3327 1828 3392 Ma·

250 3440 377 3502 mertini
399 3437 512 3502 laudes
537 3438 756 3504 Maximiniani
779 3449 811 3503 et
830 3437 1040 3517 Diocletiani,
1068 3459 1130 3502 nec
1149 3437 1298 3500 Eumenii
1318 3437 1435 3522 Paneg.
1457 3435 1672 3506 Constantino
1694 3437 1849 3506 Caesari.

248 3560 378 3638 recepta
397 3552 561 3616 Britannia
581 3550 702 3627 dictus;
730 3550 803 3616 add.
824 3573 936 3640 paneg.
945 3552 1033 3617 Vlll.
1054 3549 1271 3618 Constantino
1290 3538 1366 3636 post
1387 3550 1541 3616 Maxentii
1562 3551 1685 3618 cladem
1704 3575 1732 3618 a.
1749 3553 1826 3620 Chr.

250 3667 576 3751 desponsaturum
605 3685 717 3753 paneg.
727 3665 781 3730 xl.
807 3666 876 3730 Lat
900 3666 1010 3730 Paesti
1027 3665 1185 3752 Drepanii
1210 3663 1251 3729 ad
1276 3661 1497 3730 Theodosium
1522 3666 1604 3752 Aug.
1624 3688 1652 3729 a.
1664 3669 1725 3731 391
1752 3674 1828 3753 post

250 3789 442 3865 reportatam
467 3778 508 3845 de
527 3781 666 3845 Maximo
686 3789 826 3865 tyranno
847 3782 1027 3855 victoriam3
1057 3779 1097 3846 cl.
1118 3788 1150 3845 et
1164 3772 1376 3846 Merobaudis
1396 3777 1526 3866 praelat.
1545 3781 1580 3843 in
1601 3799 1713 3865 paneg.
1729 3780 1824 3845 Aetio

251 3892 378 3956 consuli
394 3891 506 3957 alid.

401 4004 462 4068 His
476 4007 538 4069 iam
552 4009 765 4073 monumentis
780 4009 814 4074 in
830 4017 1008 4094 conspectu
1022 4010 1145 4093 positis,
1166 4015 1339 4092 postremo,
1355 4015 1506 4091 quantum
1522 4027 1581 4094 per
1594 4004 1677 4073 fines
1694 4027 1826 4075 conces-

251 4135 306 4180 sos
320 4113 405 4196 licet,
425 4139 529 4205 panca
544 4119 689 4186 adiiciam
705 4120 748 4186 de
762 4124 911 4185 universa
926 4125 1061 4185 vitarum
1077 4118 1317 4186 scribendarum
1333 4129 1411 4201 arte,
1430 4119 1518 4187 unde
1532 4120 1657 4188 facilius
1672 4120 1826 4208 intelliga-

251 4238 312 4306 tur,
336 4251 402 4313 qno
424 4231 607 4298 discrimine
627 4253 646 4298 a
665 4232 828 4298 veteribus
848 4232 997 4300 hodierni
1010 4236 1184 4320 scriptores
1199 4234 1393 4320 discedant(
1414 4239 1439 4320 ).
1456 4272 1497 4287 -
1533 4237 1640 4320 Atque
1654 4238 1688 4299 in
1703 4254 1826 4300 summa

250 4343 402 4409 historiae
422 4349 530 4431 specie
546 4345 776 4440 conformanda
791 4350 819 4412 si
839 4350 945 4433 quiea
962 4350 1064 4435 prima
1078 4347 1157 4436 lege,
1179 4370 1221 4415 ne
1237 4349 1316 4436 quid
1331 4349 1402 4415 falsi
1417 4348 1551 4426 dicatur,
1574 4346 1674 4413 ordiri
1688 4346 1773 4427 velit,
1795 4351 1824 4414 is

251 4465 394 4522 veterum
413 4455 510 4524 fidem
532 4465 700 4541 certium
722 4463 903 4527 existimare
920 4464 1032 4547 possit,
1056 4485 1152 4550 quam
1169 4466 1399 4529 recentiorum:
1428 4459 1587 4547 siquidem
1607 4458 1758 4526 fflcuntur
1777 4460 1826 4528 illi

288 4723 330 4795 (¹)
361 4721 465 4780 Debeo
478 4743 507 4779 re
519 4723 662 4780 Walchius
680 4726 1122 4804 Tec.agr.xxrt111-nxx1v
1140 4727 1178 4780 ita
1192 4726 1353 4801 disputarit,
1372 4737 1414 4794 ut,
1428 4725 1592 4782 discentium
1606 4725 1719 4784 utilitati
1732 4727 1823 4785 minus

126 4876 147 4899 N
252 4811 406 4884 consulens,
419 4813 537 4871 aliorum
551 4833 655 4872 errores
668 4816 764 4873 acerbe
778 4815 930 4888 conlatura,
945 4837 1028 4894 quum
1042 4817 1076 4874 de
1088 4817 1128 4874 rei
1137 4813 1711 4894 musnaimpliciteretexplieatedisserere
1719 4816 1821 4875 mallet.

1519 4926 1543 4988 l*
