4178 5624
1021 340 1069 413 sl

883 446 889 459 ¹
927 452 1164 483 mmmm

252 615 435 682 Extiterunt
455 609 585 700 quidem
606 627 762 698 generosa
782 606 924 694 ingenia,
946 609 981 672 in
1003 605 1121 696 quibus
1143 609 1297 694 pristinae
1318 611 1396 696 reip.
1416 613 1537 698 pariter
1560 633 1632 679 eum
1656 615 1840 701 cognitione

253 749 344 795 amor
364 730 494 816 vigeret,
517 728 561 791 ita
582 733 618 788 ut
640 727 733 789 etiam
753 725 788 788 in
808 722 942 788 historia
962 719 1143 802 condenda,¹
1164 721 1295 788 saeculo
1318 745 1379 789 suo
1400 723 1617 808 adversantes,
1639 727 1755 814 populi
1772 729 1841 796 Ro-

251 844 345 921 mani‚
366 862 436 908 non
457 841 638 928 principum
652 835 761 918 modo,
781 839 966 904 memoriam
981 835 1123 933 scribere
1138 833 1372 917 adniterentur,
1396 842 1489 904 cuius
1506 839 1607 906 studii
1622 834 1725 907 ¹uobis
1745 846 1841 909 Taci-

252 971 304 1024 tus
319 954 607 1042 praeclarissimum
624 950 802 1038 exemplum
818 961 867 1016 est
879 951 938 1036 (¹).
983 951 1027 1016 At
1041 972 1120 1018 vero
1135 953 1292 1037 principis
1307 956 1481 1018 auctoritas
1497 959 1603 1021 omnia
1614 954 1682 1040 ‚sibi
1698 955 1839 1023 obnoxia

252 1195 339 1252 terea
358 1203 466 1269 neque
484 1183 617 1247 Tacitus
637 1180 745 1247 lacere
767 1183 888 1267 potuit,
912 1181 991 1267 quin
1015 1201 1034 1245 a
1056 1178 1233 1247 Caesarum
1252 1181 1397 1268 ingenio,
1421 1178 1750 1265 moribusconsiliis,
1773 1185 1840 1250 lor-

251 1307 328 1365 tdna
350 1318 462 1364 omnes
483 1295 624 1383 reliquas
646 1317 698 1362 res
719 1295 808 1361 velut
829 1316 849 1359 a
867 1296 1029 1381 principio
1045 1291 1222 1359 deduceret
1237 1302 1269 1359 et
1285 1315 1367 1380 qnae
1383 1317 1401 1360 a
1417 1294 1551 1382 populo,
1576 1317 1658 1382 quae
1674 1301 1708 1363 in
1723 1309 1838 1365 senatu

250 1421 347 1500 atque
362 1414 396 1477 in
410 1413 588 1499 provinciis
604 1418 787 1498 agerentur,
814 1410 899 1472 circa
914 1409 1099 1494 superiores
1114 1405 1372 1492 illustrioresque
1388 1429 1500 1473 corum
1516 1432 1673 1496 personas
1688 1411 1840 1499 dispone-

249 1536 314 1604 ret;
336 1524 425 1592 unde
443 1546 512 1592 non
531 1527 602 1590 sine
623 1527 720 1590 animi
738 1522 854 1590 dolore
876 1524 948 1609 ipse
972 1518 1146 1608 profitetur
1160 1541 1268 1585 rerum
1284 1519 1522 1586 similitudinem
1538 1513 1776 1612 legentiumque
1791 1548 1840 1590 sa·
1882 1544 1886 1556 ·

252 1643 394 1707 tietatem
413 1641 506 1707 nasci
525 1648 678 1725 oportere
697 1636 755 1721 (²).
800 1638 842 1702 Et
863 1637 928 1703 boc
943 1633 1071 1723 quidem
1086 1639 1217 1701 nomine
1231 1635 1445 1700 Historiarum
1467 1658 1538 1702 cum
1554 1638 1736 1705 Annalibus
1751 1638 1840 1706 nulla

252 1753 422 1820 diversitas
444 1763 501 1833 est,
524 1756 601 1840 quia
621 1756 655 1818 in
676 1761 816 1838 utroque
836 1772 937 1838 opere
958 1771 1066 1815 rerum
1087 1748 1257 1814 relatarum
1279 1771 1395 1814 causae
1412 1771 1430 1814 a
1446 1753 1601 1838 principis
1618 1755 1776 1838 cuiusque
1791 1758 1840 1819 in-

252 1866 330 1935 dole
351 1874 551 1954 repetuntur,
575 1889 659 1953 quos
679 1865 824 1953 singulos
844 1869 1014 1931 universae
1033 1863 1087 1930 vel
1106 1862 1208 1929 Iuliae
1223 1861 1275 1928 vel
1290 1862 1419 1929 Flaviae
1433 1867 1535 1951 gentis
1552 1865 1681 1931 lortuna
1698 1866 1838 1952 comple-

200 1986 204 1993 ”
253 1984 358 2047 ctitur.
396 1983 474 2047 Non
489 1979 667 2046 mirandum
683 1983 787 2067 igitur,
810 1977 900 2064 quod
916 1980 1135 2063 Hieronymus
1150 1977 1226 2043 loco
1242 1976 1299 2043 illo
1316 1982 1482 2044 comment.
1498 1982 1532 2044 in
1546 1981 1678 2044 Zachar.
1690 1982 1838 2068 prophet.

251 2097 283 2175 3,
302 2093 342 2160 rl
365 2095 511 2160 Tacitum
531 2115 636 2181 usquc
655 2092 697 2160 ad
720 2102 854 2160 mortem
870 2093 1049 2159 Domitiani
1067 2094 1158 2158 vitos
1181 2094 1357 2157 Cossorum
1379 2094 1506 2179 triginta
1527 2093 1744 2160 voluminibus
1767 2117 1838 2160 era-

251 2230 342 2276 rasse
357 2207 443 2275 dicit.
468 2293 474 2305 .
488 2207 641 2274 Similiter
656 2207 710 2274 alii
727 2227 800 2272 eum
815 2209 977 2272 Historiae
992 2206 1157 2291 Augustae
1172 2205 1386 2290 scriptoribus
1402 2205 1620 2273 adnumerant.

406 2323 487 2387 Post
501 2323 648 2386 Tacitum
667 2319 790 2385 nullius
811 2322 977 2405 scriptoris
1000 2321 1161 2404 ingenium
1177 2319 1344 2385 Romanae
1358 2321 1484 2385 virtutis
1501 2332 1532 2386 et
1547 2323 1772 2410 magnitudinis
1787 2345 1838 2389 re-

253 2435 442 2506 cordatione
462 2433 503 2500 ad
524 2456 633 2522 parem
656 2433 804 2499 ardorem
827 2441 969 2498 erectum
985 2430 1248 2518 deprehenditur.
1295 2432 1510 2521 Quantopere
1525 2446 1632 2501 autem
1646 2447 1790 2502 veterum
1805 2441 1840 2501 in

253 2549 427 2617 scribendo
440 2551 498 2628 vis,
514 2569 621 2614 rerum
638 2546 777 2614 civilium
793 2545 965 2634 prudentia
981 2555 1013 2612 et
1028 2544 1169 2611 studium
1184 2547 1349 2612 imminuta
1365 2557 1462 2635 atque
1475 2546 1560 2614 adeo
1572 2548 1698 2615 sublata
1711 2551 1839 2630 luerint,

251 2663 449 2732 documento
470 2672 546 2729 sunt
561 2662 737 2728 Suetonius
761 2670 793 2726 et
807 2661 990 2747 Scriptores
1005 2663 1087 2727 Hist.
1103 2662 1276 2750 Augustae.
1322 2663 1444 2728 Eorum
1466 2663 1616 2751 permulti
1637 2645 1755 2731 similes
1771 2664 1840 2732 lue-

252 2788 337 2858 runt,
361 2798 499 2866 qnorum
515 2780 638 2841 tantum
653 2778 784 2840 nomina
799 2784 983 2862 supersunt.
1029 2773 1130 2852 Alios,
1154 2796 1172 2838 a
1187 2777 1267 2860 reip.
1283 2773 1463 2840 rationibus
1480 2779 1573 2840 etiam
1589 2781 1686 2863 magis
1705 2779 1839 2858 alienos,

255 2904 292 2960 ut
307 2891 457 2980 Curtium
474 2901 506 2957 et
516 2889 657 2970 Florum,
673 2892 707 2955 in
723 2887 823 2956 solam
839 2887 1004 2954 bominum
1020 2884 1265 2953 delectationem
1280 2888 1443 2954 rhetorico
1459 2887 1589 2955 dicendi
1604 2889 1742 2957 artificio
1757 2889 1839 2958 male

254 3005 375 3072 abusam
395 3003 551 3070 videmus.
596 3003 700 3070 Simul
721 3024 794 3069 cum
815 2998 919 3066 auota⁰
930 3000 1058 3089 legendi
1080 3000 1269 3088 cupiditate,
1299 3001 1582 3090 cognoscendique
1604 3026 1687 3091 quae
1710 3008 1745 3071 in
1766 3005 1839 3070 aula

253 3095 434 3209 agerentur,
455 3115 647 3206 augescebat
669 3114 703 3182 id
724 3116 889 3182 bominum
910 3137 1022 3204 genus,
1045 3137 1128 3202 quos
1148 3118 1290 3182 cun'osos
1311 3114 1486 3182 vocabant:
1510 3118 1544 3182 hi
1561 3121 1695 3184 maxima
1710 3120 1839 3185 minima

252 3233 422 3322 diligenter
442 3234 624 3319 conquisita
643 3230 745 3296 literis
763 3228 965 3310 mandabant,
988 3238 1024 3295 ut
1038 3228 1119 3294 nibil
1135 3249 1247 3295 eorum
1262 3232 1472 3316 ignoraretur,
1496 3253 1579 3318 quae
1594 3231 1635 3298 ad
1651 3255 1703 3298 res
1719 3236 1838 3321 princi-

226 3422 230 3428 ,
253 3371 331 3438 pum
345 3350 543 3436 pertinerent
553 3344 611 3429 (³).
655 3343 798 3412 Eosdem
813 3347 958 3431 ipsorum
973 3345 1156 3432 principum
1171 3342 1330 3410 voluntati
1344 3343 1506 3411 interdum
1524 3349 1730 3434 scriptionem
1746 3369 1837 3413 suam

254 3460 516 3529 accommodasse
535 3462 651 3525 mirum
672 3479 741 3524 non
761 3457 926 3524 videbitur
940 3458 1005 3543 (⁴):
1029 3480 1102 3524 nam
1122 3457 1270 3545 plerique
1288 3461 1358 3524 sine
1374 3457 1475 3526 dubio
1491 3463 1575 3526 sicut
1590 3463 1626 3527 L.
1640 3463 1751 3529 Verus
1766 3462 1838 3529 lore

254 3575 502 3656 arbitrabantur,
525 3583 562 3643 ut
582 3583 670 3661 gesta
691 3594 750 3638 sua
771 3575 910 3660 posteris
933 3583 1020 3639 tanta
1035 3572 1229 3652 viderentur,
1253 3582 1371 3659 quanta
1388 3577 1563 3661 scriptores
1578 3581 1763 3644 narratione
1778 3599 1837 3640 sua

251 3691 356 3758 rideri
379 3687 575 3773 vellent(⁵).
620 3686 788 3754 Eiusmodi
812 3688 958 3753 bomincs
982 3689 1111 3774 saepius
1134 3697 1210 3762 turn,
1235 3709 1318 3774 quae
1341 3698 1435 3754 antea
1457 3689 1601 3777 singulae
1617 3690 1722 3756 editae
1738 3699 1837 3768 erant,

254 3809 436 3893 principum
455 3807 537 3871 vitas
558 3806 592 3870 in
614 3824 714 3869 unum
735 3801 887 3890 colligere
903 3811 1088 3889 coeperunt,
1111 3824 1150 3868 ac
1164 3802 1233 3868 lere
1248 3806 1392 3890 priorum
1408 3824 1462 3869 eas
1478 3807 1559 3869 vitas
1575 3806 1642 3869 suis
1661 3791 1838 3890 Imperare?
1935 3827 1947 3845 .

182 3910 186 3915 ’
254 3918 347 3985 ribus
368 3918 569 3998 dedicabant,
593 3927 802 4005 quorum'aut
816 3915 968 3983 invidiam
984 3927 1040 3983 aut
1053 3916 1181 3984 laudem
1196 3916 1423 3995 iisiucundam
1438 3917 1509 3982 fors
1524 3916 1705 4004 sperabant
1751 3918 1837 3984 Scri-

255 4043 365 4121 ptores
380 4034 477 4121 igitur
491 4042 523 4098 et
538 4031 655 4100 talibus
670 4031 872 4121 principibus
888 4041 920 4098 et
935 4053 996 4098 suo
1012 4040 1157 4116 tempore
1172 4029 1260 4116 digni
1271 4028 1332 4115 (⁶).

293 4315 334 4387 (¹)
365 4317 488 4373 asanaa
506 4315 643 4391 imprimis
661 4314 771 4391 agae,
791 4313 891 4382 ussa,
911 4311 1024 4370 aenan.
1045 4287 1167 4371 noua.
1297 4313 1340 4388 (¹)
1369 4315 1447 4372 ann.
1462 4311 1492 4383 r,
1505 4321 1551 4372 aa.

293 4420 336 4495 (³)
365 4425 525 4511 ubladrig.
545 4424 580 4507 ad
629 4424 716 4480 '.de
734 4422 814 4509 finib.
834 4428 903 4499 p.9.
925 4422 987 4485 196.
1028 4421 1194 4500 Quintilian.
1210 4429 1239 4490 8,
1253 4428 1281 4479 3.
1296 4429 1343 4480 55.
1382 4422 1496 4482 Salmas.
1516 4422 1552 4477 ad
1570 4421 1686 4496 vopisc.
1706 4423 1788 4480 Prob.
1804 4428 1831 4480 2.

254 4514 371 4598 Vopisc.
392 4511 534 4571 Aurelian.
544 4521 594 4570 10:
614 4560 630 4588 „
659 4513 729 4572 'vola
747 4512 814 4571 baec
832 4513 954 4572 fortassis
972 4513 1104 4591 cuipiam,
1122 4513 1170 4570 sed
1189 4513 1334 4570 cumositaa
1351 4510 1422 4568 nibil
1439 4511 1577 4568 recusat.”

292 4623 334 4694 (⁴)
365 4620 550 4695 v.anprid.
572 4620 621 4678 rit.
641 4622 786 4700 Heliogrb.
803 4628 830 4680 8.
960 4623 1002 4697 (“)
1033 4623 1067 4679 1..
1082 4622 1151 4681 Veri
1168 4638 1213 4696 ep.
1234 4621 1269 4677 ad
1288 4617 1375 4681 Corn.
1397 4620 1575 4679 Frontonem.
1590 4625 1620 4689 9,
1636 4626 1680 4679 13.

293 4731 334 4804 (⁶)
364 4728 400 4788 cs.
416 4728 514 4804 Heyue
532 4745 627 4803 opusc.
645 4731 723 4788 sord.
738 4731 767 4801 6,
782 4737 833 4789 ⁵8:

1861 403 1869 437 l

129 1081 143 1097 ²
251 1070 385 1147 secema
407 1088 514 1154 neque
535 1073 622 1132 extra
641 1066 726 1133 hane
746 1063 970 1132 memorabiles
991 1086 1128 1152 usquam
1147 1068 1265 1130 civium
1281 1068 1421 1133 rationes
1438 1066 1689 1153 reperiebantur.
1735 1070 1839 1157 Prop-
1927 1056 1936 1073 ’
