4178 5624
897 326 960 424 x31

300 620 462 710 Singulari
480 617 565 686 libro
580 618 625 683 Μ.
637 618 772 682 Antonii
787 618 944 682 triumviri
959 619 1055 682 vitam
1072 627 1103 683 et
1117 616 1229 684 laudes
1246 617 1375 685 tradidit
1394 624 1499 686 Anser·
1512 632 1617 709 poeta,
1641 624 1728 688 iami-

146 738 283 804 liaritate
300 760 376 803 cum
390 759 430 803 eo
447 738 648 802 coniunctus.
682 731 772 799 Serv.
788 731 829 798 ad
845 734 936 830 Virg.
953 730 1011 798 ecl.
1025 735 1054 813 9,
1070 735 1123 799 36.
1157 734 1323 820 Frequens
1343 737 1378 801 in
1399 737 1468 801 eius
1483 741 1613 804 nomine
1628 738 1728 819 lusus,

146 875 176 919 r.
192 854 291 918 Voss.
307 851 349 918 de
364 853 394 918 b.
405 851 426 916 l.
439 855 466 929 1,
485 849 534 920 17.

300 971 370 1033 Oct.
390 967 550 1053 Augustru
568 965 653 1028 ritae
667 963 770 1028 Drusi
785 965 967 1031 memoriam
982 984 1079 1049 prosa
1096 965 1244 1028 oratione
1261 967 1450 1049 composuit,
1474 987 1539 1032 non
1557 976 1727 1033 contentus

147 1077 424 1169 elogiumtumulo
440 1081 510 1143 eius
524 1076 674 1143 versibus
689 1101 709 1143 a
724 1100 760 1143 se
776 1082 963 1166 compositis
980 1078 1198 1166 insculpsisse.
1221 1078 1310 1144 Suet.
1327 1077 1403 1143 Oct.
1420 1084 1471 1144 28.
1517 1083 1607 1147 Haec
1621 1093 1727 1148 autem

146 1180 299 1263 Suetonii
317 1197 576 1260 commemoratio
600 1191 760 1281 prohibet,
785 1197 958 1279 quominus
983 1215 1051 1259 enm
1074 1193 1176 1259 Drusi
1200 1195 1317 1259 mortui
1341 1191 1556 1260 laudationem
1578 1207 1727 1283 putemus
1792 1273 1796 1282 Ι

63 1385 65 1389 ,
144 1310 253 1388 fuisse,
277 1309 403 1394 qualem
420 1310 500 1373 etin
516 1306 632 1374 Claud.
644 1306 793 1373 Marcelli
807 1307 920 1372 funere
936 1311 979 1372 ita
995 1311 1258 1395 pronuntiaverat
1274 1291 1449 1394 Augustus,
1472 1318 1508 1374 ut
1524 1314 1615 1375 etiam
1631 1333 1648 1376 a
1665 1311 1728 1376 cla·
1776 1328 1784 1343 ‘

144 1427 187 1490 ris
203 1426 306 1511 gentis
322 1420 509 1489 auctoribus
526 1426 596 1487 eius
611 1420 744 1508 gloriam
759 1425 946 1508 repeteret(
969 1425 992 1502 ).

297 1541 335 1602 C.
350 1535 417 1601 Iul.
434 1539 593 1624 Hyginus,
617 1536 755 1624 Augusti
770 1534 914 1614 libertus,
936 1535 1199 1602 familiarissimus
1216 1535 1338 1602 Ovidio
1355 1547 1478 1621 poetae,
1502 1538 1665 1602 Palatinae
1680 1537 1728 1602 bi-

143 1652 326 1719 bliothecae
344 1650 525 1738 praelectus
543 1648 601 1733 (⁹),
625 1653 717 1715 errius
737 1671 827 1715 nunc
845 1648 918 1714 libri
936 1647 1146 1737 mythologici
1160 1660 1277 1731 extant.
1324 1649 1412 1715 ldem
1429 1649 1547 1716 devita
1564 1650 1729 1737 rebusque

144 1766 316 1832 illustrium
338 1768 482 1831 virorum
504 1765 687 1852 complures
711 1764 813 1831 libros
837 1762 948 1844 edidit,
971 1786 1110 1850 quorum
1134 1768 1253 1830 mentio
1279 1774 1327 1829 est
1350 1764 1436 1851 apud
1462 1765 1603 1831 Gellium
1625 1770 1652 1844 t,
1673 1766 1728 1832 tt:

144 1901 253 1969 neque
273 1879 336 1945 alio
357 1879 520 1944 retulerim
539 1881 575 1943 P.
596 1880 759 1966 Scipionis
780 1879 848 1965 Air.
869 1881 974 1958 vitam,
997 1879 1039 1944 de
1056 1901 1121 1964 quo
1137 1902 1166 1942 v.
1183 1878 1311 1959 Gelli,
1328 1883 1354 1944 1.
1400 1882 1470 1945 Hos
1486 1878 1587 1946 libros
1603 1879 1728 1945 duode-
1815 1922 1818 1928 ·

113 1976 116 1983 ⁴
146 1998 229 2060 cimo
253 1993 384 2059 saeculo
406 1992 552 2058 nondum
569 1993 713 2079 perditos
725 1993 834 2070 luisse,
858 1992 1019 2080 colligitur
1035 1993 1162 2057 exloco
1178 1994 1244 2058 loh.
1261 1992 1488 2059 Sarisberiens.
1504 1995 1588 2082 Nug.
1605 1994 1727 2068 Curial.

146 2112 174 2188 5,
193 2110 222 2179 7.
244 2106 286 2174 de
305 2105 464 2173 Fabricio.
483 2144 523 2158 -
563 2102 733 2179 Praeterea
756 2107 878 2192 Hygini
902 2109 936 2171 in
959 2107 1023 2173 hoc
1044 2128 1160 2193 genere
1181 2107 1437 2195 genealogiarum
1459 2120 1490 2174 et
1511 2109 1728 2196 exemplorum

144 2220 219 2289 libri
235 2230 531 2288 commemorantur.
568 2221 660 2286 Patet
675 2223 771 2308 igitur
787 2221 952 2307 Hyginum
968 2219 1100 2284 similem
1118 2219 1218 2286 Corn.
1231 2223 1352 2308 Nepoti
1368 2245 1498 2308 operam
1514 2227 1546 2288 in
1554 2225 1612 2314 liis
1628 2222 1728 2288 literis

144 2339 303 2423 posuisse,
319 2338 372 2399 cui
387 2343 521 2420 propter
535 2337 616 2397 vitas
633 2337 666 2397 in
683 2333 829 2399 ordinem
845 2332 983 2420 digestas
995 2332 1202 2420 breviterque
1214 2338 1374 2420 expositas
1387 2336 1546 2402 adseritur
1559 2337 1599 2401 ab
1611 2339 1728 2402 Hiero·

144 2472 244 2536 nymo
259 2449 320 2514 l.l.:
331 2449 506 2528 ,decerunt
520 2448 585 2514 boc
599 2445 686 2534 apud
701 2448 845 2515 Graecos
857 2449 1053 2534 Hermippus
1069 2451 1353 2534 peripateticus...
1370 2450 1457 2536 apud
1473 2453 1605 2519 Latinos
1622 2444 1739 2515 autem

144 2567 261 2641 Varro,
277 2563 401 2642 Santra,
417 2565 539 2649 Nepos,
555 2564 705 2649 Hyginus
722 2572 762 2640 et,
777 2560 819 2626 ad
836 2564 1005 2627 cuiusnos
1022 2562 1199 2648 exemplum
1214 2566 1263 2626 vis
1278 2585 1467 2648 provocare,
1483 2564 1719 2650 Tranquillus.”

186 2724 189 2729 ·
296 2677 334 2742 ln
359 2698 423 2762 qua
447 2679 688 2742 enumeratione
711 2679 739 2741 si
760 2678 913 2762 temporis
938 2674 1084 2742 ordinem
1109 2675 1293 2741 observavit
1315 2679 1545 2764 Hieronymus,
1574 2699 1640 2744 non
1664 2680 1728 2744 hoc

145 2793 220 2858 mibi
239 2791 327 2870 loco,
347 2789 405 2856 sed
425 2798 498 2854 ante
513 2790 674 2875 Nepotem
696 2787 907 2854 collocandus
928 2788 989 2852 luit
1003 2792 1134 2852 Santra.
1181 2766 1393 2875 scriptaeius
1409 2812 1506 2877 saepe
1521 2791 1653 2855 laudant
1668 2793 1727 2856 Fe-

147 2917 225 2986 stus,
245 2907 385 2999 Nonius,
409 2902 477 2979 alii,
507 2924 616 2989 neque
639 2912 744 2967 tamen
768 2900 810 2968 de
831 2911 934 2967 aetate
956 2911 988 2967 et
1007 2903 1092 2966 vitae
1114 2901 1300 2968 conditione
1323 2907 1401 2969 certi
1421 2904 1596 2990 quidquam
1613 2927 1727 2970 eruere
1783 2968 1785 2973 .

146 3000 308 3106 potui(³).
353 3019 403 3082 Er
423 3020 553 3082 nomine
569 3019 721 3082 coniicias
738 3037 810 3082 eum
825 3015 975 3081 libertum
991 3017 1099 3082 luisse.
1146 3018 1183 3082 ln
1200 3020 1342 3082 Terentii
1357 3022 1421 3084 vita
1437 3020 1571 3084 Santrae
1586 3022 1727 3084 testimo-

145 3137 234 3199 nium
251 3132 422 3198 adhibetur
436 3154 454 3196 a
470 3132 628 3197 Suetonio
646 3153 671 3195 c
682 3131 710 3195 1.
872 3111 875 3116 ’
1505 3200 1514 3211 g

300 3247 476 3314 Caesarum
502 3249 583 3311 vitas
605 3243 756 3332 permulti
780 3247 979 3330 scripserunt
1000 3245 1138 3310 Romani
1162 3254 1193 3309 et
1218 3244 1345 3311 Graeci.
1390 3229 1438 3311 Ex
1461 3248 1511 3311 his
1534 3245 1726 3312 Plutarchus

147 3383 280 3449 quoqne
295 3359 439 3448 singulos
454 3381 559 3447 usque
575 3359 616 3426 ad
631 3382 726 3425 suum
741 3369 867 3448 tempus
882 3368 1072 3446 persecutus
1089 3369 1157 3424 erat
1169 3359 1229 3443 (⁴).

298 3477 420 3541 Rerum
436 3475 573 3560 Augusti
587 3471 718 3560 plurimi
732 3483 830 3539 testes
842 3473 900 3569 (⁶)⁸
911 3483 942 3538 et
958 3476 1050 3538 amici
1067 3484 1098 3538 et
1113 3472 1227 3539 liberti.
1243 3476 1368 3540 Horum
1384 3473 1450 3540 Iul.
1464 3476 1656 3542 Marathum
1672 3499 1728 3565 pa-

146 3593 232 3656 troni
252 3593 312 3669 sui,
336 3593 389 3654 cui
410 3611 428 3654 a
448 3591 601 3654 memoria
624 3588 736 3667 inerat,
759 3591 854 3654 vitam
876 3591 1103 3676 perscripsisse
1120 3610 1157 3653 ex
1172 3589 1304 3655 Sueton.
1318 3590 1392 3656 Oct.
1404 3591 1456 3662 79.
1470 3590 1522 3658 91.
1539 3591 1725 3678 colligimus.

146 3707 249 3770 Etiam
272 3703 357 3769 Ciln.
379 3709 605 3768 Maecenatem
621 3703 759 3789 Augusti
776 3701 925 3768 Caesaris
941 3713 1028 3791 gesta
1044 3702 1254 3791 descripsisse
1270 3727 1308 3770 ex
1323 3707 1434 3772 Horat.
1451 3726 1545 3770 carm.
1558 3710 1588 3782 2,
1607 3707 1656 3768 12.
1677 3708 1726 3768 10.

146 3819 244 3885 refert
263 3819 353 3885 Serv.
376 3816 417 3883 ad
432 3819 522 3904 Virg.
543 3816 664 3904 Georg.
678 3823 707 3896 2,
724 3815 776 3882 42.
823 3815 1004 3884 Confirmat
1025 3840 1090 3885 rem
1111 3818 1244 3885 Solinus
1265 3841 1291 3884 c
1305 3822 1360 3894 18;
1384 3828 1416 3884 et
1435 3817 1576 3883 aPlinio
1591 3818 1632 3883 N.
1645 3818 1684 3882 H.
1695 3818 1725 3897 7,

148 3932 200 3999 45.
225 3953 297 3996 cum
318 3935 508 3999 Maecenate
528 3935 677 4023 Agn'ppa
703 3930 745 3997 de
767 3930 865 3998 rebus
886 3934 1024 4020 Augusti
1048 3936 1137 3998 testis
1160 3931 1345 3998 advocatur.
1390 3932 1443 4021 De
1465 3930 1595 4024 Aqrtilio
1615 3936 1726 4023 Nigro,

148 4050 240 4112 cuius
261 4048 445 4112 testimonio
466 4049 598 4114 Sneton.
621 4046 696 4114 Oct.
712 4049 761 4111 11.
777 4051 887 4125 utitur,
909 4067 985 4113 num
1004 4049 1140 4134 Augusti
1160 4050 1254 4113 vitam
1276 4050 1448 4134 scripserit,
1470 4070 1500 4112 v.
1512 4049 1668 4114 Vossium
1685 4045 1726 4110 de

147 4162 210 4228 h.l
225 4165 336 4228 incert.
353 4170 413 4226 aet.
429 4163 497 4226 init.

185 4387 227 4460 (¹)
258 4388 415 4444 ci.Heeren
435 4389 470 4443 de
490 4385 681 4444 fontib.Plut.
703 4382 802 4462 ptssl.
915 4387 957 4461 (¹)
989 4390 1103 4445 Sueton.
1125 4390 1159 4447 de
1176 4389 1277 4447 illustr.
1292 4408 1406 4466 gramm.
1423 4392 1467 4441 20.

79 4508 81 4512 ⁴
185 4484 227 4560 (³)
260 4483 357 4558 Nuper
375 4456 573 4547 iterschius‘r
589 4486 697 4541 ratione
714 4502 771 4541 non
791 4484 873 4561 plane
890 4487 1068 4563 improbabili
1086 4487 1158 4544 med.
1173 4505 1242 4543 saec.
1256 4491 1281 4544 7.
1296 4503 1399 4541 nuc.
1420 4500 1483 4539 eum
1502 4482 1600 4540 vixisse
1617 4483 1722 4539 statuit.

148 4596 173 4630 r.
196 4571 354 4631 Zeitscbm‘st
372 4576 392 4629 s.
415 4573 535 4630 Alterth.
558 4582 638 4638 1839.
659 4596 688 4652 p.
698 4582 760 4632 100.

184 4674 226 4744 (⁴)
257 4673 292 4729 cf.
310 4672 456 4748 Wyttenb.
473 4671 539 4728 Not.
556 4691 621 4748 opp.
636 4672 749 4731 Morsll.
761 4677 788 4729 2.
809 4693 838 4750 p.
849 4670 913 4732 101.
934 4675 978 4731 ed.
1000 4675 1118 4751 Lips-
1140 4673 1183 4729 De
1204 4671 1309 4730 Nicolai
1328 4670 1456 4729 Demere.
1477 4672 1525 4728 rit.
1547 4672 1667 4749 August.
1696 4691 1721 4726 r.

148 4763 255 4830 suidas,
275 4775 301 4819 et
323 4762 439 4817 Fabricii
460 4772 544 4838 temp.
560 4764 634 4838 Aug.
649 4764 766 4821 notatio.

160 4848 164 4854 ’
184 4859 225 4932 (⁵)
255 4881 281 4918 r.
296 4850 456 4918 nieman.
470 4866 534 4928 1,1.
575 4859 716 4919 Fabricius
732 4860 752 4919 l.
763 4861 783 4920 l.
805 4861 886 4938 per.
