<?xml version="1.0" encoding="UTF-8"?>
<!DOCTYPE html PUBLIC "-//W3C//DTD XHTML 1.0 Transitional//EN"
    "http://www.w3.org/TR/xhtml1/DTD/xhtml1-transitional.dtd">
<html xmlns="http://www.w3.org/1999/xhtml" xml:lang="en" lang="en">
 <head>
  <title>
</title>
<meta http-equiv="Content-Type" content="text/html;charset=utf-8" />
  <meta name='ocr-system' content='tesseract 3.04.00' />
  <meta name='ocr-capabilities' content='ocr_page ocr_carea ocr_par ocr_line ocrx_word'/>
</head>
<body>
  <div class='ocr_page' id='page_1' title='image "./commentatiodevi00wiesgoog_0010.png"; bbox 0 0 4178 5624; ppageno 0'>
   <div class='ocr_carea' id='block_1_1' title="bbox 811 1057 1657 1135">
    <p class='ocr_par' dir='ltr' id='par_1_1' title="bbox 811 1057 1657 1135">
     <span class='ocr_line' id='line_1_1' title="bbox 811 1057 1657 1135; baseline -0.007 -16"><span class='ocrx_word' id='word_1_1' title='bbox 811 1074 814 1079; x_wconf 89' lang='grc'><strong><em>·</em></strong></span> <span class='ocrx_word' id='word_1_2' title='bbox 861 1066 1028 1131; x_wconf 77' lang='lat' dir='ltr'><strong>„contemtu</strong></span> <span class='ocrx_word' id='word_1_3' title='bbox 1038 1060 1147 1135; x_wconf 81' lang='lat' dir='ltr'><strong>famae</strong></span> <span class='ocrx_word' id='word_1_4' title='bbox 1166 1066 1389 1116; x_wconf 74' lang='lat' dir='ltr'><strong>contemnuntur</strong></span> <span class='ocrx_word' id='word_1_5' title='bbox 1404 1059 1558 1115; x_wconf 82' lang='lat' dir='ltr'><strong>virtutes.&#39;¹</strong></span> <span class='ocrx_word' id='word_1_6' title='bbox 1590 1057 1657 1114; x_wconf 85' lang='lat' dir='ltr'><strong>Tac.</strong></span> 
     </span>
    </p>
   </div>
   <div class='ocr_carea' id='block_1_2' title="bbox 86 1274 1740 4363">
    <p class='ocr_par' dir='ltr' id='par_1_2' title="bbox 86 1274 1740 4363">
     <span class='ocr_line' id='line_1_2' title="bbox 153 1274 1734 1404; baseline -0.004 -18"><span class='ocrx_word' id='word_1_7' title='bbox 153 1274 202 1386; x_wconf 88' lang='lat' dir='ltr'><strong>ln</strong></span> <span class='ocrx_word' id='word_1_8' title='bbox 225 1317 388 1387; x_wconf 84' lang='lat' dir='ltr'><strong>literarum</strong></span> <span class='ocrx_word' id='word_1_9' title='bbox 408 1322 626 1387; x_wconf 81' lang='lat' dir='ltr'><strong>Romanarum</strong></span> <span class='ocrx_word' id='word_1_10' title='bbox 647 1318 832 1404; x_wconf 77' lang='lat' dir='ltr'><strong>cognitione</strong></span> <span class='ocrx_word' id='word_1_11' title='bbox 852 1320 902 1382; x_wconf 91' lang='lat' dir='ltr'><strong>uti</strong></span> <span class='ocrx_word' id='word_1_12' title='bbox 920 1336 1016 1383; x_wconf 90' lang='lat' dir='ltr'><strong>nemo</strong></span> <span class='ocrx_word' id='word_1_13' title='bbox 1040 1325 1148 1401; x_wconf 87' lang='lat' dir='ltr'><strong>potest</strong></span> <span class='ocrx_word' id='word_1_14' title='bbox 1168 1325 1256 1382; x_wconf 89' lang='lat' dir='ltr'><strong>recte</strong></span> <span class='ocrx_word' id='word_1_15' title='bbox 1270 1318 1401 1393; x_wconf 87' lang='lat' dir='ltr'><strong>versari,</strong></span> <span class='ocrx_word' id='word_1_16' title='bbox 1422 1308 1488 1380; x_wconf 88' lang='lat' dir='ltr'><strong>nisi</strong></span> <span class='ocrx_word' id='word_1_17' title='bbox 1501 1315 1559 1400; x_wconf 89' lang='lat' dir='ltr'><strong>qui</strong></span> <span class='ocrx_word' id='word_1_18' title='bbox 1573 1311 1615 1379; x_wconf 88' lang='lat' dir='ltr'><strong>ad</strong></span> <span class='ocrx_word' id='word_1_19' title='bbox 1630 1311 1734 1379; x_wconf 83' lang='lat' dir='ltr'><strong>Grae-</strong></span> 
     </span>
     <span class='ocr_line' id='line_1_3' title="bbox 153 1413 1735 1522; baseline -0.004 -24"><span class='ocrx_word' id='word_1_20' title='bbox 153 1456 264 1501; x_wconf 88' lang='lat' dir='ltr'><strong>corum</strong></span> <span class='ocrx_word' id='word_1_21' title='bbox 284 1438 511 1522; x_wconf 79' lang='lat' dir='ltr'><strong>praestantiam</strong></span> <span class='ocrx_word' id='word_1_22' title='bbox 528 1454 583 1499; x_wconf 85' lang='lat' dir='ltr'><strong>eas</strong></span> <span class='ocrx_word' id='word_1_23' title='bbox 598 1433 709 1518; x_wconf 87' lang='lat' dir='ltr'><strong>exigat,</strong></span> <span class='ocrx_word' id='word_1_24' title='bbox 731 1433 776 1496; x_wconf 87' lang='lat' dir='ltr'><strong>ita</strong></span> <span class='ocrx_word' id='word_1_25' title='bbox 790 1432 872 1496; x_wconf 88' lang='lat' dir='ltr'><strong>ratio</strong></span> <span class='ocrx_word' id='word_1_26' title='bbox 888 1435 961 1496; x_wconf 86' lang='lat' dir='ltr'><strong>non&#39;</strong></span> <span class='ocrx_word' id='word_1_27' title='bbox 972 1413 1020 1494; x_wconf 82' lang='lat' dir='ltr'><strong>est</strong></span> <span class='ocrx_word' id='word_1_28' title='bbox 1035 1428 1097 1494; x_wconf 90' lang='lat' dir='ltr'><strong>alia</strong></span> <span class='ocrx_word' id='word_1_29' title='bbox 1117 1427 1398 1506; x_wconf 74' lang='lat' dir='ltr'><strong>accommodatior,</strong></span> <span class='ocrx_word' id='word_1_30' title='bbox 1421 1449 1486 1514; x_wconf 91' lang='lat' dir='ltr'><strong>qua</strong></span> <span class='ocrx_word' id='word_1_31' title='bbox 1502 1426 1581 1513; x_wconf 92' lang='lat' dir='ltr'><strong>quid</strong></span> <span class='ocrx_word' id='word_1_32' title='bbox 1596 1428 1735 1494; x_wconf 86' lang='lat' dir='ltr'><strong>Romani</strong></span> 
     </span>
     <span class='ocr_line' id='line_1_4' title="bbox 154 1541 1737 1636; baseline -0.004 -23"><span class='ocrx_word' id='word_1_33' title='bbox 154 1552 274 1636; x_wconf 89' lang='lat' dir='ltr'><strong>ingenii</strong></span> <span class='ocrx_word' id='word_1_34' title='bbox 294 1553 329 1616; x_wconf 92' lang='lat' dir='ltr'><strong>in</strong></span> <span class='ocrx_word' id='word_1_35' title='bbox 351 1548 461 1635; x_wconf 85' lang='lat' dir='ltr'><strong>aliquo</strong></span> <span class='ocrx_word' id='word_1_36' title='bbox 472 1548 645 1612; x_wconf 88' lang='lat' dir='ltr'><strong>&#39;literarum</strong></span> <span class='ocrx_word' id='word_1_37' title='bbox 666 1565 783 1632; x_wconf 87' lang='lat' dir='ltr'><strong>genere</strong></span> <span class='ocrx_word' id='word_1_38' title='bbox 802 1547 970 1631; x_wconf 90' lang='lat' dir='ltr'><strong>proprium</strong></span> <span class='ocrx_word' id='word_1_39' title='bbox 991 1552 1023 1608; x_wconf 93' lang='lat' dir='ltr'><strong>et</strong></span> <span class='ocrx_word' id='word_1_40' title='bbox 1043 1545 1167 1630; x_wconf 82' lang='lat' dir='ltr'><strong>insigne</strong></span> <span class='ocrx_word' id='word_1_41' title='bbox 1182 1542 1287 1620; x_wconf 89' lang='lat' dir='ltr'><strong>luerit,</strong></span> <span class='ocrx_word' id='word_1_42' title='bbox 1309 1544 1531 1628; x_wconf 84' lang='lat' dir='ltr'><strong>perspiciatur.</strong></span> <span class='ocrx_word' id='word_1_43' title='bbox 1576 1542 1660 1608; x_wconf 88' lang='lat' dir='ltr'><strong>Nam</strong></span> <span class='ocrx_word' id='word_1_44' title='bbox 1676 1541 1737 1607; x_wconf 89' lang='lat' dir='ltr'><strong>etsi</strong></span> 
     </span>
     <span class='ocr_line' id='line_1_5' title="bbox 152 1655 1736 1748; baseline -0.004 -20"><span class='ocrx_word' id='word_1_45' title='bbox 152 1661 347 1729; x_wconf 83' lang='lat' dir='ltr'><strong>Ciceronem</strong></span> <span class='ocrx_word' id='word_1_46' title='bbox 369 1662 498 1748; x_wconf 90' lang='lat' dir='ltr'><strong>quidem</strong></span> <span class='ocrx_word' id='word_1_47' title='bbox 515 1659 665 1747; x_wconf 89' lang='lat' dir='ltr'><strong>cupidius</strong></span> <span class='ocrx_word' id='word_1_48' title='bbox 681 1681 760 1726; x_wconf 89' lang='lat' dir='ltr'><strong>suae</strong></span> <span class='ocrx_word' id='word_1_49' title='bbox 774 1661 876 1746; x_wconf 87' lang='lat' dir='ltr'><strong>gentis</strong></span> <span class='ocrx_word' id='word_1_50' title='bbox 892 1679 1021 1724; x_wconf 89' lang='lat' dir='ltr'><strong>causam</strong></span> <span class='ocrx_word' id='word_1_51' title='bbox 1037 1660 1140 1745; x_wconf 88' lang='lat' dir='ltr'><strong>egisse</strong></span> <span class='ocrx_word' id='word_1_52' title='bbox 1154 1655 1369 1743; x_wconf 85' lang='lat' dir='ltr'><strong>intelligimus,</strong></span> <span class='ocrx_word' id='word_1_53' title='bbox 1392 1676 1488 1740; x_wconf 89' lang='lat' dir='ltr'><strong>quam</strong></span> <span class='ocrx_word' id='word_1_54' title='bbox 1504 1659 1611 1720; x_wconf 88' lang='lat' dir='ltr'><strong>omnia</strong></span> <span class='ocrx_word' id='word_1_55' title='bbox 1626 1677 1685 1741; x_wconf 91' lang='lat' dir='ltr'><strong>per</strong></span> <span class='ocrx_word' id='word_1_56' title='bbox 1700 1675 1736 1721; x_wconf 89' lang='lat' dir='ltr'><strong>se</strong></span> 
     </span>
     <span class='ocr_line' id='line_1_6' title="bbox 153 1759 1734 1864; baseline -0.006 -22"><span class='ocrx_word' id='word_1_57' title='bbox 153 1777 290 1842; x_wconf 87' lang='lat' dir='ltr'><strong>Graecis</strong></span> <span class='ocrx_word' id='word_1_58' title='bbox 306 1759 484 1864; x_wconf 79' lang='lat' dir='ltr'><strong>sapientius</strong></span> <span class='ocrx_word' id='word_1_59' title='bbox 499 1779 670 1854; x_wconf 86' lang='lat' dir='ltr'><strong>invenisse,</strong></span> <span class='ocrx_word' id='word_1_60' title='bbox 688 1773 729 1839; x_wconf 86' lang='lat' dir='ltr'><strong>ab</strong></span> <span class='ocrx_word' id='word_1_61' title='bbox 745 1776 785 1838; x_wconf 91' lang='lat' dir='ltr'><strong>iis</strong></span> <span class='ocrx_word' id='word_1_62' title='bbox 801 1783 907 1839; x_wconf 87' lang='lat' dir='ltr'><strong>autem</strong></span> <span class='ocrx_word' id='word_1_63' title='bbox 923 1782 1053 1860; x_wconf 87' lang='lat' dir='ltr'><strong>accepta</strong></span> <span class='ocrx_word' id='word_1_64' title='bbox 1069 1770 1201 1837; x_wconf 91' lang='lat' dir='ltr'><strong>meliora</strong></span> <span class='ocrx_word' id='word_1_65' title='bbox 1217 1770 1333 1836; x_wconf 83' lang='lat' dir='ltr'><strong>iecisse</strong></span> <span class='ocrx_word' id='word_1_66' title='bbox 1347 1790 1415 1835; x_wconf 92' lang='lat' dir='ltr'><strong>non</strong></span> <span class='ocrx_word' id='word_1_67' title='bbox 1429 1777 1560 1834; x_wconf 85' lang='lat' dir='ltr'><strong>veretur</strong></span> <span class='ocrx_word' id='word_1_68' title='bbox 1575 1768 1734 1855; x_wconf 86' lang='lat' dir='ltr'><strong>profiteri:</strong></span> 
     </span>
     <span class='ocr_line' id='line_1_7' title="bbox 155 1884 1737 1972; baseline -0.006 -18"><span class='ocrx_word' id='word_1_69' title='bbox 155 1890 333 1956; x_wconf 88' lang='lat' dir='ltr'><strong>ellecerunt</strong></span> <span class='ocrx_word' id='word_1_70' title='bbox 348 1894 453 1957; x_wconf 75' lang='lat' dir='ltr'><strong>mmeir</strong></span> <span class='ocrx_word' id='word_1_71' title='bbox 477 1909 666 1954; x_wconf 85' lang='lat' dir='ltr'><strong>communes</strong></span> <span class='ocrx_word' id='word_1_72' title='bbox 686 1886 802 1972; x_wconf 92' lang='lat' dir='ltr'><strong>populi</strong></span> <span class='ocrx_word' id='word_1_73' title='bbox 822 1908 928 1951; x_wconf 89' lang='lat' dir='ltr'><strong>mores</strong></span> <span class='ocrx_word' id='word_1_74' title='bbox 949 1896 980 1950; x_wconf 90' lang='lat' dir='ltr'><strong>et</strong></span> <span class='ocrx_word' id='word_1_75' title='bbox 999 1889 1143 1950; x_wconf 90' lang='lat' dir='ltr'><strong>instituta</strong></span> <span class='ocrx_word' id='word_1_76' title='bbox 1158 1884 1289 1972; x_wconf 90' lang='lat' dir='ltr'><strong>publice</strong></span> <span class='ocrx_word' id='word_1_77' title='bbox 1304 1893 1433 1970; x_wconf 87' lang='lat' dir='ltr'><strong>recepta</strong></span> <span class='ocrx_word' id='word_1_78' title='bbox 1449 1884 1633 1968; x_wconf 74' lang='lat' dir='ltr'><strong>sensimque</strong></span> <span class='ocrx_word' id='word_1_79' title='bbox 1648 1885 1737 1954; x_wconf 85' lang='lat' dir='ltr'><strong>inre-</strong></span> 
     </span>
     <span class='ocr_line' id='line_1_8' title="bbox 153 1997 1737 2088; baseline -0.003 -22"><span class='ocrx_word' id='word_1_80' title='bbox 153 2012 261 2079; x_wconf 88' lang='lat' dir='ltr'><strong>tarata,</strong></span> <span class='ocrx_word' id='word_1_81' title='bbox 285 2013 322 2066; x_wconf 91' lang='lat' dir='ltr'><strong>ut</strong></span> <span class='ocrx_word' id='word_1_82' title='bbox 342 2006 374 2067; x_wconf 92' lang='lat' dir='ltr'><strong>in</strong></span> <span class='ocrx_word' id='word_1_83' title='bbox 397 2000 516 2088; x_wconf 84' lang='lat' dir='ltr'><strong>quibus</strong></span> <span class='ocrx_word' id='word_1_84' title='bbox 537 2003 652 2066; x_wconf 92' lang='lat' dir='ltr'><strong>artium</strong></span> <span class='ocrx_word' id='word_1_85' title='bbox 673 1998 853 2085; x_wconf 88' lang='lat' dir='ltr'><strong>disciplinis</strong></span> <span class='ocrx_word' id='word_1_86' title='bbox 868 2020 946 2086; x_wconf 90' lang='lat' dir='ltr'><strong>prae</strong></span> <span class='ocrx_word' id='word_1_87' title='bbox 962 2001 1076 2065; x_wconf 88' lang='lat' dir='ltr'><strong>ceteris</strong></span> <span class='ocrx_word' id='word_1_88' title='bbox 1093 1997 1296 2065; x_wconf 83' lang='lat' dir='ltr'><strong>elaborarent</strong></span> <span class='ocrx_word' id='word_1_89' title='bbox 1311 2001 1457 2074; x_wconf 79' lang='lat' dir='ltr'><strong>Romani,</strong></span> <span class='ocrx_word' id='word_1_90' title='bbox 1480 2001 1618 2063; x_wconf 83' lang='lat' dir='ltr'><strong>nativam</strong></span> <span class='ocrx_word' id='word_1_91' title='bbox 1635 2018 1737 2082; x_wconf 90' lang='lat' dir='ltr'><strong>quan·</strong></span> 
     </span>
     <span class='ocr_line' id='line_1_9' title="bbox 152 2095 1734 2202; baseline -0.004 -21"><span class='ocrx_word' id='word_1_92' title='bbox 152 2116 225 2181; x_wconf 89' lang='lat' dir='ltr'><strong>dam</strong></span> <span class='ocrx_word' id='word_1_93' title='bbox 247 2114 387 2182; x_wconf 88' lang='lat' dir='ltr'><strong>indolem</strong></span> <span class='ocrx_word' id='word_1_94' title='bbox 411 2119 638 2202; x_wconf 79' lang='lat' dir='ltr'><strong>exprimerent,</strong></span> <span class='ocrx_word' id='word_1_95' title='bbox 661 2124 862 2200; x_wconf 89' lang='lat' dir='ltr'><strong>possentque</strong></span> <span class='ocrx_word' id='word_1_96' title='bbox 880 2113 1020 2199; x_wconf 88' lang='lat' dir='ltr'><strong>aliquam</strong></span> <span class='ocrx_word' id='word_1_97' title='bbox 1043 2135 1115 2178; x_wconf 90' lang='lat' dir='ltr'><strong>cum</strong></span> <span class='ocrx_word' id='word_1_98' title='bbox 1140 2113 1276 2180; x_wconf 85' lang='lat' dir='ltr'><strong>Graecis</strong></span> <span class='ocrx_word' id='word_1_99' title='bbox 1301 2115 1539 2179; x_wconf 88' lang='lat' dir='ltr'><strong>contentionem</strong></span> <span class='ocrx_word' id='word_1_100' title='bbox 1560 2095 1734 2197; x_wconf 82' lang='lat' dir='ltr'><strong>suscipere.</strong></span> 
     </span>
     <span class='ocr_line' id='line_1_10' title="bbox 151 2225 1736 2316; baseline -0.003 -21"><span class='ocrx_word' id='word_1_101' title='bbox 151 2231 270 2316; x_wconf 89' lang='lat' dir='ltr'><strong>Neque</strong></span> <span class='ocrx_word' id='word_1_102' title='bbox 293 2251 372 2296; x_wconf 86' lang='lat' dir='ltr'><strong>vero</strong></span> <span class='ocrx_word' id='word_1_103' title='bbox 393 2229 495 2294; x_wconf 92' lang='lat' dir='ltr'><strong>ullum</strong></span> <span class='ocrx_word' id='word_1_104' title='bbox 514 2249 615 2315; x_wconf 87' lang='lat' dir='ltr'><strong>genus</strong></span> <span class='ocrx_word' id='word_1_105' title='bbox 636 2237 693 2305; x_wconf 87' lang='lat' dir='ltr'><strong>est,</strong></span> <span class='ocrx_word' id='word_1_106' title='bbox 716 2231 751 2293; x_wconf 92' lang='lat' dir='ltr'><strong>in</strong></span> <span class='ocrx_word' id='word_1_107' title='bbox 771 2248 838 2313; x_wconf 93' lang='lat' dir='ltr'><strong>quo</strong></span> <span class='ocrx_word' id='word_1_108' title='bbox 861 2226 1043 2294; x_wconf 82' lang='lat' dir='ltr'><strong>excolendo</strong></span> <span class='ocrx_word' id='word_1_109' title='bbox 1059 2225 1257 2314; x_wconf 90' lang='lat' dir='ltr'><strong>reipublicae</strong></span> <span class='ocrx_word' id='word_1_110' title='bbox 1272 2226 1472 2314; x_wconf 88' lang='lat' dir='ltr'><strong>temporibus</strong></span> <span class='ocrx_word' id='word_1_111' title='bbox 1487 2229 1585 2313; x_wconf 87' lang='lat' dir='ltr'><strong>magis</strong></span> <span class='ocrx_word' id='word_1_112' title='bbox 1601 2229 1653 2290; x_wconf 90' lang='lat' dir='ltr'><strong>sui</strong></span> <span class='ocrx_word' id='word_1_113' title='bbox 1667 2235 1736 2291; x_wconf 88' lang='lat' dir='ltr'><strong>tan-</strong></span> 
     </span>
     <span class='ocr_line' id='line_1_11' title="bbox 153 2323 1735 2426; baseline 0 -20"><span class='ocrx_word' id='word_1_114' title='bbox 153 2353 221 2408; x_wconf 92' lang='lat' dir='ltr'><strong>tum</strong></span> <span class='ocrx_word' id='word_1_115' title='bbox 244 2342 362 2407; x_wconf 84' lang='lat' dir='ltr'><strong>similes</strong></span> <span class='ocrx_word' id='word_1_116' title='bbox 385 2345 560 2418; x_wconf 84' lang='lat' dir='ltr'><strong>extiterint,</strong></span> <span class='ocrx_word' id='word_1_117' title='bbox 584 2361 680 2424; x_wconf 88' lang='lat' dir='ltr'><strong>quam</strong></span> <span class='ocrx_word' id='word_1_118' title='bbox 701 2341 843 2426; x_wconf 79' lang='lat' dir='ltr'><strong>historia.</strong></span> <span class='ocrx_word' id='word_1_119' title='bbox 889 2341 927 2404; x_wconf 94' lang='lat' dir='ltr'><strong>ln</strong></span> <span class='ocrx_word' id='word_1_120' title='bbox 949 2363 1012 2426; x_wconf 92' lang='lat' dir='ltr'><strong>qua</strong></span> <span class='ocrx_word' id='word_1_121' title='bbox 1033 2338 1075 2404; x_wconf 89' lang='lat' dir='ltr'><strong>ad</strong></span> <span class='ocrx_word' id='word_1_122' title='bbox 1094 2343 1232 2405; x_wconf 82' lang='lat' dir='ltr'><strong>vitarum</strong></span> <span class='ocrx_word' id='word_1_123' title='bbox 1257 2345 1441 2407; x_wconf 88' lang='lat' dir='ltr'><strong>memoriam</strong></span> <span class='ocrx_word' id='word_1_124' title='bbox 1469 2323 1735 2406; x_wconf 79' lang='lat' dir='ltr'><strong>conscribendum</strong></span> 
     </span>
     <span class='ocr_line' id='line_1_12' title="bbox 86 2451 1736 2540; baseline -0.004 -15"><span class='ocrx_word' id='word_1_125' title='bbox 86 2519 89 2525; x_wconf 93' lang='lat'><strong>.</strong></span> <span class='ocrx_word' id='word_1_126' title='bbox 152 2456 410 2540; x_wconf 76' lang='lat' dir='ltr'><strong>frequentissima</strong></span> <span class='ocrx_word' id='word_1_127' title='bbox 431 2451 536 2518; x_wconf 85' lang='lat' dir='ltr'><strong>studia</strong></span> <span class='ocrx_word' id='word_1_128' title='bbox 559 2452 675 2518; x_wconf 86' lang='lat' dir='ltr'><strong>collata</strong></span> <span class='ocrx_word' id='word_1_129' title='bbox 695 2473 776 2531; x_wconf 91' lang='lat' dir='ltr'><strong>esse,</strong></span> <span class='ocrx_word' id='word_1_130' title='bbox 798 2453 967 2518; x_wconf 78' lang='lat' dir='ltr'><strong>manifesto</strong></span> <span class='ocrx_word' id='word_1_131' title='bbox 983 2451 1204 2519; x_wconf 87' lang='lat' dir='ltr'><strong>demonstrant</strong></span> <span class='ocrx_word' id='word_1_132' title='bbox 1218 2456 1350 2538; x_wconf 87' lang='lat' dir='ltr'><strong>vestigia</strong></span> <span class='ocrx_word' id='word_1_133' title='bbox 1366 2474 1425 2538; x_wconf 89' lang='lat' dir='ltr'><strong>per</strong></span> <span class='ocrx_word' id='word_1_134' title='bbox 1440 2473 1567 2517; x_wconf 90' lang='lat' dir='ltr'><strong>omnem</strong></span> <span class='ocrx_word' id='word_1_135' title='bbox 1583 2454 1736 2518; x_wconf 77' lang='lat' dir='ltr'><strong>historiae</strong></span> 
     </span>
     <span class='ocr_line' id='line_1_13' title="bbox 154 2547 1735 2654; baseline -0.002 -19"><span class='ocrx_word' id='word_1_136' title='bbox 154 2571 319 2635; x_wconf 85' lang='lat' dir='ltr'><strong>Romanae</strong></span> <span class='ocrx_word' id='word_1_137' title='bbox 340 2547 585 2654; x_wconf 80' lang='lat' dir='ltr'><strong>perpetuitatem</strong></span> <span class='ocrx_word' id='word_1_138' title='bbox 607 2554 793 2652; x_wconf 77' lang='lat' dir='ltr'><strong>conspicua.</strong></span> <span class='ocrx_word' id='word_1_139' title='bbox 840 2566 965 2634; x_wconf 88' lang='lat' dir='ltr'><strong>Contra</strong></span> <span class='ocrx_word' id='word_1_140' title='bbox 988 2565 1187 2633; x_wconf 84' lang='lat' dir='ltr'><strong>Graecarum</strong></span> <span class='ocrx_word' id='word_1_141' title='bbox 1212 2564 1376 2632; x_wconf 88' lang='lat' dir='ltr'><strong>literarum</strong></span> <span class='ocrx_word' id='word_1_142' title='bbox 1400 2564 1631 2652; x_wconf 84' lang='lat' dir='ltr'><strong>probatissimis</strong></span> <span class='ocrx_word' id='word_1_143' title='bbox 1657 2576 1735 2632; x_wconf 84' lang='lat' dir='ltr'><strong>tem·</strong></span> 
     </span>
     <span class='ocr_line' id='line_1_14' title="bbox 152 2679 1736 2769; baseline -0.001 -21"><span class='ocrx_word' id='word_1_144' title='bbox 152 2681 288 2769; x_wconf 89' lang='lat' dir='ltr'><strong>poribus</strong></span> <span class='ocrx_word' id='word_1_145' title='bbox 310 2685 363 2746; x_wconf 81' lang='lat' dir='ltr'><strong>vix</strong></span> <span class='ocrx_word' id='word_1_146' title='bbox 383 2683 441 2746; x_wconf 92' lang='lat' dir='ltr'><strong>uni</strong></span> <span class='ocrx_word' id='word_1_147' title='bbox 462 2680 594 2746; x_wconf 82' lang='lat' dir='ltr'><strong>alterive</strong></span> <span class='ocrx_word' id='word_1_148' title='bbox 614 2701 693 2747; x_wconf 89' lang='lat' dir='ltr'><strong>suae</strong></span> <span class='ocrx_word' id='word_1_149' title='bbox 714 2690 770 2746; x_wconf 90' lang='lat' dir='ltr'><strong>aut</strong></span> <span class='ocrx_word' id='word_1_150' title='bbox 790 2679 914 2746; x_wconf 87' lang='lat' dir='ltr'><strong>alienae</strong></span> <span class='ocrx_word' id='word_1_151' title='bbox 935 2683 1020 2745; x_wconf 86' lang='lat' dir='ltr'><strong>ritae</strong></span> <span class='ocrx_word' id='word_1_152' title='bbox 1041 2683 1277 2747; x_wconf 86' lang='lat' dir='ltr'><strong>commentariis</strong></span> <span class='ocrx_word' id='word_1_153' title='bbox 1298 2679 1477 2746; x_wconf 88' lang='lat' dir='ltr'><strong>scribendis</strong></span> <span class='ocrx_word' id='word_1_154' title='bbox 1492 2689 1611 2746; x_wconf 72' lang='lat' dir='ltr'><strong>motam</strong></span> <span class='ocrx_word' id='word_1_155' title='bbox 1627 2703 1736 2747; x_wconf 90' lang='lat' dir='ltr'><strong>curam</strong></span> 
     </span>
     <span class='ocr_line' id='line_1_15' title="bbox 153 2784 1739 2882; baseline -0.002 -21"><span class='ocrx_word' id='word_1_156' title='bbox 153 2806 333 2882; x_wconf 88' lang='lat' dir='ltr'><strong>susceptam</strong></span> <span class='ocrx_word' id='word_1_157' title='bbox 349 2794 492 2882; x_wconf 86' lang='lat' dir='ltr'><strong>legimus,</strong></span> <span class='ocrx_word' id='word_1_158' title='bbox 509 2815 594 2879; x_wconf 90' lang='lat' dir='ltr'><strong>quae</strong></span> <span class='ocrx_word' id='word_1_159' title='bbox 608 2792 650 2858; x_wconf 93' lang='lat' dir='ltr'><strong>ad</strong></span> <span class='ocrx_word' id='word_1_160' title='bbox 664 2797 882 2879; x_wconf 91' lang='lat' dir='ltr'><strong>posteritatem</strong></span> <span class='ocrx_word' id='word_1_161' title='bbox 897 2796 1080 2880; x_wconf 89' lang='lat' dir='ltr'><strong>pertineret.</strong></span> <span class='ocrx_word' id='word_1_162' title='bbox 1111 2796 1276 2880; x_wconf 87' lang='lat' dir='ltr'><strong>Vergente</strong></span> <span class='ocrx_word' id='word_1_163' title='bbox 1291 2793 1492 2859; x_wconf 86' lang='lat' dir='ltr'><strong>Graecorum</strong></span> <span class='ocrx_word' id='word_1_164' title='bbox 1507 2784 1613 2859; x_wconf 36' lang='lat' dir='ltr'><strong>aetate*</strong></span> <span class='ocrx_word' id='word_1_165' title='bbox 1624 2793 1739 2879; x_wconf 89' lang='lat' dir='ltr'><strong>plures</strong></span> 
     </span>
     <span class='ocr_line' id='line_1_16' title="bbox 152 2887 1734 2995; baseline -0.002 -19"><span class='ocrx_word' id='word_1_166' title='bbox 152 2910 284 2976; x_wconf 84' lang='lat' dir='ltr'><strong>inerunt</strong></span> <span class='ocrx_word' id='word_1_167' title='bbox 296 2909 356 2994; x_wconf 87' lang='lat'><strong>(¹),</strong></span> <span class='ocrx_word' id='word_1_168' title='bbox 379 2887 567 2995; x_wconf 89' lang='lat' dir='ltr'><strong>praesertim</strong></span> <span class='ocrx_word' id='word_1_169' title='bbox 587 2929 626 2972; x_wconf 87' lang='lat' dir='ltr'><strong>ex</strong></span> <span class='ocrx_word' id='word_1_170' title='bbox 649 2927 715 2992; x_wconf 89' lang='lat' dir='ltr'><strong>quo</strong></span> <span class='ocrx_word' id='word_1_171' title='bbox 730 2905 905 2971; x_wconf 81' lang='lat' dir='ltr'><strong>Alexandri</strong></span> <span class='ocrx_word' id='word_1_172' title='bbox 919 2908 1029 2994; x_wconf 83' lang='lat' dir='ltr'><strong>Magni</strong></span> <span class='ocrx_word' id='word_1_173' title='bbox 1049 2910 1118 2972; x_wconf 84' lang='lat' dir='ltr'><strong>sire</strong></span> <span class='ocrx_word' id='word_1_174' title='bbox 1138 2906 1239 2994; x_wconf 87' lang='lat' dir='ltr'><strong>gloria</strong></span> <span class='ocrx_word' id='word_1_175' title='bbox 1255 2910 1322 2973; x_wconf 87' lang='lat' dir='ltr'><strong>sive</strong></span> <span class='ocrx_word' id='word_1_176' title='bbox 1337 2907 1555 2972; x_wconf 86' lang='lat' dir='ltr'><strong>munificentia</strong></span> <span class='ocrx_word' id='word_1_177' title='bbox 1570 2908 1734 2973; x_wconf 88' lang='lat' dir='ltr'><strong>bominum</strong></span> 
     </span>
     <span class='ocr_line' id='line_1_17' title="bbox 152 3014 1734 3111; baseline -0.001 -24"><span class='ocrx_word' id='word_1_178' title='bbox 152 3026 280 3111; x_wconf 87' lang='lat' dir='ltr'><strong>ingenia</strong></span> <span class='ocrx_word' id='word_1_179' title='bbox 301 3025 457 3101; x_wconf 85' lang='lat' dir='ltr'><strong>excitavit,</strong></span> <span class='ocrx_word' id='word_1_180' title='bbox 480 3031 517 3086; x_wconf 89' lang='lat' dir='ltr'><strong>ut</strong></span> <span class='ocrx_word' id='word_1_181' title='bbox 538 3023 680 3087; x_wconf 91' lang='lat' dir='ltr'><strong>certatim</strong></span> <span class='ocrx_word' id='word_1_182' title='bbox 704 3023 774 3085; x_wconf 87' lang='lat' dir='ltr'><strong>eius</strong></span> <span class='ocrx_word' id='word_1_183' title='bbox 793 3041 846 3085; x_wconf 90' lang='lat' dir='ltr'><strong>res</strong></span> <span class='ocrx_word' id='word_1_184' title='bbox 861 3031 966 3108; x_wconf 89' lang='lat' dir='ltr'><strong>gestas</strong></span> <span class='ocrx_word' id='word_1_185' title='bbox 981 3020 1146 3087; x_wconf 90' lang='lat' dir='ltr'><strong>literarum</strong></span> <span class='ocrx_word' id='word_1_186' title='bbox 1161 3024 1314 3086; x_wconf 90' lang='lat' dir='ltr'><strong>memoria</strong></span> <span class='ocrx_word' id='word_1_187' title='bbox 1328 3014 1613 3107; x_wconf 87' lang='lat' dir='ltr'><strong>prosequerentur.</strong></span> <span class='ocrx_word' id='word_1_188' title='bbox 1660 3021 1734 3086; x_wconf 85' lang='lat' dir='ltr'><strong>Plu-</strong></span> 
     </span>
     <span class='ocr_line' id='line_1_18' title="bbox 152 3126 1735 3222; baseline -0.001 -20"><span class='ocrx_word' id='word_1_189' title='bbox 152 3139 296 3203; x_wconf 87' lang='lat' dir='ltr'><strong>tarcbum</strong></span> <span class='ocrx_word' id='word_1_190' title='bbox 320 3126 420 3213; x_wconf 89' lang='lat' dir='ltr'><strong>enim,</strong></span> <span class='ocrx_word' id='word_1_191' title='bbox 450 3138 708 3222; x_wconf 89' lang='lat' dir='ltr'><strong>copiosissimum</strong></span> <span class='ocrx_word' id='word_1_192' title='bbox 731 3137 868 3199; x_wconf 85' lang='lat' dir='ltr'><strong>vitarum</strong></span> <span class='ocrx_word' id='word_1_193' title='bbox 889 3139 1087 3222; x_wconf 86' lang='lat' dir='ltr'><strong>scriptorem,</strong></span> <span class='ocrx_word' id='word_1_194' title='bbox 1117 3139 1211 3200; x_wconf 89' lang='lat' dir='ltr'><strong>cuius</strong></span> <span class='ocrx_word' id='word_1_195' title='bbox 1232 3138 1407 3220; x_wconf 89' lang='lat' dir='ltr'><strong>praecipue</strong></span> <span class='ocrx_word' id='word_1_196' title='bbox 1427 3145 1495 3201; x_wconf 89' lang='lat' dir='ltr'><strong>arte</strong></span> <span class='ocrx_word' id='word_1_197' title='bbox 1517 3145 1548 3201; x_wconf 93' lang='lat' dir='ltr'><strong>et</strong></span> <span class='ocrx_word' id='word_1_198' title='bbox 1572 3134 1735 3222; x_wconf 84' lang='lat' dir='ltr'><strong>diligentia</strong></span> 
     </span>
     <span class='ocr_line' id='line_1_19' title="bbox 152 3246 1734 3340; baseline -0.001 -24"><span class='ocrx_word' id='word_1_199' title='bbox 152 3255 216 3318; x_wconf 87' lang='lat' dir='ltr'><strong>boc</strong></span> <span class='ocrx_word' id='word_1_200' title='bbox 235 3271 336 3340; x_wconf 90' lang='lat' dir='ltr'><strong>genus</strong></span> <span class='ocrx_word' id='word_1_201' title='bbox 358 3247 445 3336; x_wconf 86' lang='lat' dir='ltr'><strong>apud</strong></span> <span class='ocrx_word' id='word_1_202' title='bbox 462 3249 608 3315; x_wconf 84' lang='lat' dir='ltr'><strong>Graecos</strong></span> <span class='ocrx_word' id='word_1_203' title='bbox 631 3257 790 3328; x_wconf 88' lang='lat' dir='ltr'><strong>censetur,</strong></span> <span class='ocrx_word' id='word_1_204' title='bbox 812 3269 921 3334; x_wconf 89' lang='lat' dir='ltr'><strong>neque</strong></span> <span class='ocrx_word' id='word_1_205' title='bbox 940 3247 1073 3314; x_wconf 88' lang='lat' dir='ltr'><strong>liberam</strong></span> <span class='ocrx_word' id='word_1_206' title='bbox 1093 3246 1329 3334; x_wconf 85' lang='lat' dir='ltr'><strong>florentemque</strong></span> <span class='ocrx_word' id='word_1_207' title='bbox 1349 3252 1482 3335; x_wconf 89' lang='lat' dir='ltr'><strong>patriam</strong></span> <span class='ocrx_word' id='word_1_208' title='bbox 1503 3248 1625 3314; x_wconf 86' lang='lat' dir='ltr'><strong>vidisse</strong></span> <span class='ocrx_word' id='word_1_209' title='bbox 1645 3250 1734 3315; x_wconf 87' lang='lat' dir='ltr'><strong>etad</strong></span> 
     </span>
     <span class='ocr_line' id='line_1_20' title="bbox 154 3360 1734 3453; baseline -0.001 -22"><span class='ocrx_word' id='word_1_210' title='bbox 154 3387 238 3453; x_wconf 90' lang='lat' dir='ltr'><strong>opus</strong></span> <span class='ocrx_word' id='word_1_211' title='bbox 254 3361 501 3451; x_wconf 88' lang='lat' dir='ltr'><strong>aggrediendum</strong></span> <span class='ocrx_word' id='word_1_212' title='bbox 511 3366 731 3430; x_wconf 83' lang='lat' dir='ltr'><strong>Romanorum</strong></span> <span class='ocrx_word' id='word_1_213' title='bbox 748 3383 882 3449; x_wconf 90' lang='lat' dir='ltr'><strong>quoqne</strong></span> <span class='ocrx_word' id='word_1_214' title='bbox 896 3372 1041 3429; x_wconf 86' lang='lat' dir='ltr'><strong>veterum</strong></span> <span class='ocrx_word' id='word_1_215' title='bbox 1055 3360 1265 3430; x_wconf 87' lang='lat' dir='ltr'><strong>admiratione</strong></span> <span class='ocrx_word' id='word_1_216' title='bbox 1280 3363 1461 3450; x_wconf 92' lang='lat' dir='ltr'><strong>impulsum,</strong></span> <span class='ocrx_word' id='word_1_217' title='bbox 1476 3366 1511 3429; x_wconf 93' lang='lat' dir='ltr'><strong>in</strong></span> <span class='ocrx_word' id='word_1_218' title='bbox 1526 3362 1734 3430; x_wconf 83' lang='lat' dir='ltr'><strong>conficiendo</strong></span> 
     </span>
     <span class='ocr_line' id='line_1_21' title="bbox 153 3475 1735 3565; baseline 0.003 -24"><span class='ocrx_word' id='word_1_219' title='bbox 153 3499 192 3541; x_wconf 90' lang='lat' dir='ltr'><strong>ex</strong></span> <span class='ocrx_word' id='word_1_220' title='bbox 216 3496 327 3541; x_wconf 87' lang='lat' dir='ltr'><strong>eorum</strong></span> <span class='ocrx_word' id='word_1_221' title='bbox 351 3475 532 3541; x_wconf 88' lang='lat' dir='ltr'><strong>rationibus</strong></span> <span class='ocrx_word' id='word_1_222' title='bbox 552 3486 584 3540; x_wconf 91' lang='lat' dir='ltr'><strong>et</strong></span> <span class='ocrx_word' id='word_1_223' title='bbox 606 3476 757 3562; x_wconf 84' lang='lat' dir='ltr'><strong>exemplis</strong></span> <span class='ocrx_word' id='word_1_224' title='bbox 778 3475 974 3563; x_wconf 88' lang='lat' dir='ltr'><strong>pependisse</strong></span> <span class='ocrx_word' id='word_1_225' title='bbox 995 3487 1129 3542; x_wconf 87' lang='lat' dir='ltr'><strong>constat.</strong></span> <span class='ocrx_word' id='word_1_226' title='bbox 1174 3476 1273 3564; x_wconf 74' lang='lat' dir='ltr'><strong>Apud</strong></span> <span class='ocrx_word' id='word_1_227' title='bbox 1294 3479 1460 3543; x_wconf 83' lang='lat' dir='ltr'><strong>Romanos</strong></span> <span class='ocrx_word' id='word_1_228' title='bbox 1480 3499 1559 3543; x_wconf 83' lang='lat' dir='ltr'><strong>vero</strong></span> <span class='ocrx_word' id='word_1_229' title='bbox 1581 3477 1681 3565; x_wconf 88' lang='lat' dir='ltr'><strong>longa</strong></span> <span class='ocrx_word' id='word_1_230' title='bbox 1702 3488 1735 3544; x_wconf 90' lang='lat' dir='ltr'><strong>et</strong></span> 
     </span>
     <span class='ocr_line' id='line_1_22' title="bbox 154 3590 1733 3679; baseline 0.002 -24"><span class='ocrx_word' id='word_1_231' title='bbox 154 3593 307 3656; x_wconf 86' lang='lat' dir='ltr'><strong>continua</strong></span> <span class='ocrx_word' id='word_1_232' title='bbox 328 3600 377 3655; x_wconf 91' lang='lat' dir='ltr'><strong>est</strong></span> <span class='ocrx_word' id='word_1_233' title='bbox 399 3590 514 3655; x_wconf 91' lang='lat' dir='ltr'><strong>horum</strong></span> <span class='ocrx_word' id='word_1_234' title='bbox 537 3592 730 3676; x_wconf 91' lang='lat' dir='ltr'><strong>scriptorum</strong></span> <span class='ocrx_word' id='word_1_235' title='bbox 746 3594 854 3669; x_wconf 89' lang='lat' dir='ltr'><strong>series,</strong></span> <span class='ocrx_word' id='word_1_236' title='bbox 878 3612 963 3678; x_wconf 88' lang='lat' dir='ltr'><strong>quae</strong></span> <span class='ocrx_word' id='word_1_237' title='bbox 977 3600 1051 3656; x_wconf 85' lang='lat' dir='ltr'><strong>ante</strong></span> <span class='ocrx_word' id='word_1_238' title='bbox 1066 3594 1218 3677; x_wconf 89' lang='lat' dir='ltr'><strong>optimam</strong></span> <span class='ocrx_word' id='word_1_239' title='bbox 1232 3591 1395 3656; x_wconf 90' lang='lat' dir='ltr'><strong>literarum</strong></span> <span class='ocrx_word' id='word_1_240' title='bbox 1415 3601 1550 3657; x_wconf 72' lang='lat' dir='ltr'><strong>aemtem</strong></span> <span class='ocrx_word' id='word_1_241' title='bbox 1575 3594 1733 3679; x_wconf 89' lang='lat' dir='ltr'><strong>incipiens</strong></span> 
     </span>
     <span class='ocr_line' id='line_1_23' title="bbox 154 3703 1733 3797; baseline 0.001 -26"><span class='ocrx_word' id='word_1_242' title='bbox 154 3726 260 3791; x_wconf 89' lang='lat' dir='ltr'><strong>usque</strong></span> <span class='ocrx_word' id='word_1_243' title='bbox 275 3703 316 3770; x_wconf 92' lang='lat' dir='ltr'><strong>ad</strong></span> <span class='ocrx_word' id='word_1_244' title='bbox 331 3705 563 3794; x_wconf 74' lang='lat' dir='ltr'><strong>lmperptorum</strong></span> <span class='ocrx_word' id='word_1_245' title='bbox 579 3707 685 3789; x_wconf 84' lang='lat' dir='ltr'><strong>quarti</strong></span> <span class='ocrx_word' id='word_1_246' title='bbox 700 3704 822 3797; x_wconf 86' lang='lat' dir='ltr'><strong>saeculi</strong></span> <span class='ocrx_word' id='word_1_247' title='bbox 836 3708 1051 3792; x_wconf 81' lang='lat' dir='ltr'><strong>panegyricos</strong></span> <span class='ocrx_word' id='word_1_248' title='bbox 1066 3708 1249 3792; x_wconf 84' lang='lat' dir='ltr'><strong>porrigitur.</strong></span> <span class='ocrx_word' id='word_1_249' title='bbox 1287 3707 1370 3772; x_wconf 90' lang='lat' dir='ltr'><strong>Nam</strong></span> <span class='ocrx_word' id='word_1_250' title='bbox 1385 3704 1462 3772; x_wconf 93' lang='lat' dir='ltr'><strong>inde</strong></span> <span class='ocrx_word' id='word_1_251' title='bbox 1476 3728 1495 3771; x_wconf 87' lang='lat' dir='ltr'><strong>a</strong></span> <span class='ocrx_word' id='word_1_252' title='bbox 1511 3706 1733 3772; x_wconf 86' lang='lat' dir='ltr'><strong>Gracchorum</strong></span> 
     </span>
     <span class='ocr_line' id='line_1_24' title="bbox 153 3816 1736 3906; baseline 0.001 -23"><span class='ocrx_word' id='word_1_253' title='bbox 153 3829 298 3906; x_wconf 89' lang='lat' dir='ltr'><strong>tempore</strong></span> <span class='ocrx_word' id='word_1_254' title='bbox 319 3818 493 3886; x_wconf 88' lang='lat' dir='ltr'><strong>admodum</strong></span> <span class='ocrx_word' id='word_1_255' title='bbox 509 3840 631 3904; x_wconf 89' lang='lat' dir='ltr'><strong>paucos</strong></span> <span class='ocrx_word' id='word_1_256' title='bbox 647 3819 748 3884; x_wconf 89' lang='lat' dir='ltr'><strong>luisse</strong></span> <span class='ocrx_word' id='word_1_257' title='bbox 763 3818 910 3899; x_wconf 88' lang='lat' dir='ltr'><strong>arbitror,</strong></span> <span class='ocrx_word' id='word_1_258' title='bbox 934 3817 991 3905; x_wconf 89' lang='lat' dir='ltr'><strong>qui</strong></span> <span class='ocrx_word' id='word_1_259' title='bbox 1007 3818 1137 3905; x_wconf 84' lang='lat' dir='ltr'><strong>quidem</strong></span> <span class='ocrx_word' id='word_1_260' title='bbox 1151 3821 1217 3884; x_wconf 84' lang='lat' dir='ltr'><strong>vita</strong></span> <span class='ocrx_word' id='word_1_261' title='bbox 1231 3819 1330 3906; x_wconf 90' lang='lat' dir='ltr'><strong>paulo</strong></span> <span class='ocrx_word' id='word_1_262' title='bbox 1345 3819 1539 3886; x_wconf 90' lang='lat' dir='ltr'><strong>notabiliore</strong></span> <span class='ocrx_word' id='word_1_263' title='bbox 1551 3841 1649 3906; x_wconf 89' lang='lat' dir='ltr'><strong>supra</strong></span> <span class='ocrx_word' id='word_1_264' title='bbox 1664 3816 1736 3885; x_wconf 63' lang='lat' dir='ltr'><strong>vulss</strong></span> 
     </span>
     <span class='ocr_line' id='line_1_25' title="bbox 153 3908 1740 4019; baseline 0.002 -22"><span class='ocrx_word' id='word_1_265' title='bbox 153 3953 213 4019; x_wconf 85' lang='lat' dir='ltr'><strong>gns</strong></span> <span class='ocrx_word' id='word_1_266' title='bbox 240 3933 472 4011; x_wconf 75' lang='lat' dir='ltr'><strong>ascendissent,</strong></span> <span class='ocrx_word' id='word_1_267' title='bbox 502 3935 582 4018; x_wconf 92' lang='lat' dir='ltr'><strong>quin</strong></span> <span class='ocrx_word' id='word_1_268' title='bbox 607 3954 685 3998; x_wconf 89' lang='lat' dir='ltr'><strong>suae</strong></span> <span class='ocrx_word' id='word_1_269' title='bbox 710 3936 837 3998; x_wconf 85' lang='lat' dir='ltr'><strong>virtutis</strong></span> <span class='ocrx_word' id='word_1_270' title='bbox 865 3943 1107 4000; x_wconf 89' lang='lat' dir='ltr'><strong>monumentum</strong></span> <span class='ocrx_word' id='word_1_271' title='bbox 1134 3942 1241 3998; x_wconf 85' lang='lat' dir='ltr'><strong>extare</strong></span> <span class='ocrx_word' id='word_1_272' title='bbox 1262 3933 1390 3997; x_wconf 85' lang='lat' dir='ltr'><strong>vellent.</strong></span> <span class='ocrx_word' id='word_1_273' title='bbox 1436 3932 1604 3999; x_wconf 88' lang='lat' dir='ltr'><strong>Eiusmodi</strong></span> <span class='ocrx_word' id='word_1_274' title='bbox 1626 3908 1740 4000; x_wconf 80' lang='lat' dir='ltr'><strong>autem</strong></span> 
     </span>
     <span class='ocr_line' id='line_1_26' title="bbox 153 4037 1734 4134; baseline 0.001 -23"><span class='ocrx_word' id='word_1_275' title='bbox 153 4045 245 4112; x_wconf 90' lang='lat' dir='ltr'><strong>libris</strong></span> <span class='ocrx_word' id='word_1_276' title='bbox 267 4045 510 4112; x_wconf 86' lang='lat' dir='ltr'><strong>conscribendis</strong></span> <span class='ocrx_word' id='word_1_277' title='bbox 530 4056 586 4111; x_wconf 90' lang='lat' dir='ltr'><strong>aut</strong></span> <span class='ocrx_word' id='word_1_278' title='bbox 605 4049 668 4133; x_wconf 82' lang='lat' dir='ltr'><strong>ipsi</strong></span> <span class='ocrx_word' id='word_1_279' title='bbox 683 4068 814 4134; x_wconf 91' lang='lat' dir='ltr'><strong>operam</strong></span> <span class='ocrx_word' id='word_1_280' title='bbox 833 4046 953 4111; x_wconf 88' lang='lat' dir='ltr'><strong>dabant</strong></span> <span class='ocrx_word' id='word_1_281' title='bbox 967 4051 1081 4111; x_wconf 91' lang='lat' dir='ltr'><strong>summi</strong></span> <span class='ocrx_word' id='word_1_282' title='bbox 1096 4047 1251 4124; x_wconf 89' lang='lat' dir='ltr'><strong>homines,</strong></span> <span class='ocrx_word' id='word_1_283' title='bbox 1273 4039 1427 4132; x_wconf 90' lang='lat' dir='ltr'><strong>imprimis</strong></span> <span class='ocrx_word' id='word_1_284' title='bbox 1442 4050 1500 4132; x_wconf 90' lang='lat' dir='ltr'><strong>qui</strong></span> <span class='ocrx_word' id='word_1_285' title='bbox 1514 4037 1612 4114; x_wconf 77' lang='lat' dir='ltr'><strong>rebus</strong></span> <span class='ocrx_word' id='word_1_286' title='bbox 1626 4047 1734 4133; x_wconf 89' lang='lat' dir='ltr'><strong>publi·</strong></span> 
     </span>
     <span class='ocr_line' id='line_1_27' title="bbox 155 4158 1733 4239; baseline 0 -13"><span class='ocrx_word' id='word_1_287' title='bbox 155 4163 201 4226; x_wconf 85' lang='lat' dir='ltr'><strong>cis</strong></span> <span class='ocrx_word' id='word_1_288' title='bbox 222 4159 448 4226; x_wconf 88' lang='lat' dir='ltr'><strong>administratis</strong></span> <span class='ocrx_word' id='word_1_289' title='bbox 469 4162 504 4223; x_wconf 93' lang='lat' dir='ltr'><strong>in</strong></span> <span class='ocrx_word' id='word_1_290' title='bbox 525 4164 591 4225; x_wconf 93' lang='lat' dir='ltr'><strong>otia</strong></span> <span class='ocrx_word' id='word_1_291' title='bbox 610 4169 818 4239; x_wconf 89' lang='lat' dir='ltr'><strong>recesserant,</strong></span> <span class='ocrx_word' id='word_1_292' title='bbox 841 4170 897 4224; x_wconf 90' lang='lat' dir='ltr'><strong>aut</strong></span> <span class='ocrx_word' id='word_1_293' title='bbox 917 4163 1025 4225; x_wconf 87' lang='lat' dir='ltr'><strong>amicis</strong></span> <span class='ocrx_word' id='word_1_294' title='bbox 1046 4158 1220 4225; x_wconf 88' lang='lat' dir='ltr'><strong>utebantur</strong></span> <span class='ocrx_word' id='word_1_295' title='bbox 1235 4181 1344 4225; x_wconf 88' lang='lat' dir='ltr'><strong>rernm</strong></span> <span class='ocrx_word' id='word_1_296' title='bbox 1359 4170 1499 4227; x_wconf 88' lang='lat' dir='ltr'><strong>actarum</strong></span> <span class='ocrx_word' id='word_1_297' title='bbox 1514 4160 1650 4227; x_wconf 91' lang='lat' dir='ltr'><strong>testibus</strong></span> <span class='ocrx_word' id='word_1_298' title='bbox 1665 4161 1733 4226; x_wconf 89' lang='lat' dir='ltr'><strong>lau-</strong></span> 
     </span>
     <span class='ocr_line' id='line_1_28' title="bbox 155 4273 1734 4363; baseline 0.001 -24"><span class='ocrx_word' id='word_1_299' title='bbox 155 4273 401 4360; x_wconf 89' lang='lat' dir='ltr'><strong>datoribusque;</strong></span> <span class='ocrx_word' id='word_1_300' title='bbox 423 4295 533 4360; x_wconf 88' lang='lat' dir='ltr'><strong>neque</strong></span> <span class='ocrx_word' id='word_1_301' title='bbox 553 4273 671 4338; x_wconf 88' lang='lat' dir='ltr'><strong>desunt</strong></span> <span class='ocrx_word' id='word_1_302' title='bbox 691 4276 725 4338; x_wconf 92' lang='lat' dir='ltr'><strong>in</strong></span> <span class='ocrx_word' id='word_1_303' title='bbox 745 4275 795 4339; x_wconf 89' lang='lat' dir='ltr'><strong>bis</strong></span> <span class='ocrx_word' id='word_1_304' title='bbox 816 4273 1027 4339; x_wconf 87' lang='lat' dir='ltr'><strong>illustrissima</strong></span> <span class='ocrx_word' id='word_1_305' title='bbox 1049 4277 1176 4362; x_wconf 89' lang='lat' dir='ltr'><strong>pietatis</strong></span> <span class='ocrx_word' id='word_1_306' title='bbox 1194 4273 1346 4362; x_wconf 84' lang='lat' dir='ltr'><strong>exempla.</strong></span> <span class='ocrx_word' id='word_1_307' title='bbox 1393 4274 1494 4360; x_wconf 88' lang='lat' dir='ltr'><strong>Quod</strong></span> <span class='ocrx_word' id='word_1_308' title='bbox 1508 4274 1664 4349; x_wconf 90' lang='lat' dir='ltr'><strong>librorum</strong></span> <span class='ocrx_word' id='word_1_309' title='bbox 1679 4296 1734 4363; x_wconf 88' lang='lat' dir='ltr'><strong>ge-</strong></span> 
     </span>
    </p>
   </div>
   <div class='ocr_carea' id='block_1_3' title="bbox 47 4387 1731 4476">
    <p class='ocr_par' dir='ltr' id='par_1_3' title="bbox 47 4387 1731 4476">
     <span class='ocr_line' id='line_1_29' title="bbox 47 4387 1731 4476; baseline 0.001 -22"><span class='ocrx_word' id='word_1_310' title='bbox 47 4398 51 4406; x_wconf 87' lang='lat'>&#39;</span> <span class='ocrx_word' id='word_1_311' title='bbox 154 4409 218 4454; x_wconf 91' lang='lat' dir='ltr'><strong>nus</strong></span> <span class='ocrx_word' id='word_1_312' title='bbox 234 4409 332 4472; x_wconf 89' lang='lat' dir='ltr'><strong>quum</strong></span> <span class='ocrx_word' id='word_1_313' title='bbox 348 4409 541 4476; x_wconf 74' lang='lat' dir='ltr'><strong>magnopere</strong></span> <span class='ocrx_word' id='word_1_314' title='bbox 557 4387 757 4454; x_wconf 84' lang='lat' dir='ltr'><strong>adamassent</strong></span> <span class='ocrx_word' id='word_1_315' title='bbox 767 4390 906 4455; x_wconf 85' lang='lat' dir='ltr'><strong>Romani</strong></span> <span class='ocrx_word' id='word_1_316' title='bbox 920 4389 1075 4469; x_wconf 86' lang='lat' dir='ltr'><strong>homines,</strong></span> <span class='ocrx_word' id='word_1_317' title='bbox 1098 4388 1192 4454; x_wconf 86' lang='lat' dir='ltr'><strong>facile</strong></span> <span class='ocrx_word' id='word_1_318' title='bbox 1206 4389 1328 4454; x_wconf 83' lang='lat' dir='ltr'><strong>inventi</strong></span> <span class='ocrx_word' id='word_1_319' title='bbox 1343 4398 1426 4467; x_wconf 85' lang='lat' dir='ltr'><strong>sunt,</strong></span> <span class='ocrx_word' id='word_1_320' title='bbox 1448 4391 1504 4474; x_wconf 88' lang='lat' dir='ltr'><strong>qui</strong></span> <span class='ocrx_word' id='word_1_321' title='bbox 1519 4388 1731 4456; x_wconf 87' lang='lat' dir='ltr'><strong>multitudinis</strong></span> 
     </span>
    </p>
   </div>
   <div class='ocr_carea' id='block_1_4' title="bbox 157 4450 1824 4592">
    <p class='ocr_par' dir='ltr' id='par_1_4' title="bbox 157 4450 1824 4592">
     <span class='ocr_line' id='line_1_30' title="bbox 157 4450 1824 4592; baseline 0.003 -24"><span class='ocrx_word' id='word_1_322' title='bbox 157 4501 265 4568; x_wconf 82' lang='lat' dir='ltr'><strong>studio</strong></span> <span class='ocrx_word' id='word_1_323' title='bbox 290 4504 494 4568; x_wconf 85' lang='lat' dir='ltr'><strong>inservirent:</strong></span> <span class='ocrx_word' id='word_1_324' title='bbox 525 4450 714 4570; x_wconf 56' lang='lat' dir='ltr'><strong>dometium</strong></span> <span class='ocrx_word' id='word_1_325' title='bbox 730 4504 899 4590; x_wconf 88' lang='lat' dir='ltr'><strong>Nepotem,</strong></span> <span class='ocrx_word' id='word_1_326' title='bbox 923 4503 1122 4583; x_wconf 88' lang='lat' dir='ltr'><strong>Suetonium,</strong></span> <span class='ocrx_word' id='word_1_327' title='bbox 1145 4502 1235 4584; x_wconf 89' lang='lat' dir='ltr'><strong>alios,</strong></span> <span class='ocrx_word' id='word_1_328' title='bbox 1257 4506 1402 4588; x_wconf 88' lang='lat' dir='ltr'><strong>priorum</strong></span> <span class='ocrx_word' id='word_1_329' title='bbox 1423 4502 1600 4590; x_wconf 84' lang='lat' dir='ltr'><strong>exemplum</strong></span> <span class='ocrx_word' id='word_1_330' title='bbox 1621 4504 1731 4592; x_wconf 85' lang='lat' dir='ltr'><strong>plures</strong></span> <span class='ocrx_word' id='word_1_331' title='bbox 1821 4538 1824 4545; x_wconf 60' lang='lat'><strong><em>¹</em></strong></span> 
     </span>
    </p>
   </div>
   <div class='ocr_carea' id='block_1_5' title="bbox 155 4767 1732 4918">
    <p class='ocr_par' dir='ltr' id='par_1_5' title="bbox 155 4767 1732 4918">
     <span class='ocr_line' id='line_1_31' title="bbox 193 4767 1732 4846; baseline 0.001 -20"><span class='ocrx_word' id='word_1_332' title='bbox 193 4771 234 4842; x_wconf 85' lang='lat'><strong>(¹)</strong></span> <span class='ocrx_word' id='word_1_333' title='bbox 265 4789 291 4825; x_wconf 84' lang='lat' dir='ltr'><strong>r.</strong></span> <span class='ocrx_word' id='word_1_334' title='bbox 312 4786 385 4844; x_wconf 86' lang='lat' dir='ltr'><strong>quos</strong></span> <span class='ocrx_word' id='word_1_335' title='bbox 399 4779 543 4825; x_wconf 82' lang='lat' dir='ltr'><strong>enumerat</strong></span> <span class='ocrx_word' id='word_1_336' title='bbox 560 4769 683 4828; x_wconf 85' lang='lat' dir='ltr'><strong>Worrcr.</strong></span> <span class='ocrx_word' id='word_1_337' title='bbox 705 4767 971 4846; x_wconf 75' lang='lat' dir='ltr'><strong>depolymatb.12,</strong></span> <span class='ocrx_word' id='word_1_338' title='bbox 991 4774 1017 4826; x_wconf 77' lang='lat'><strong>8.</strong></span> <span class='ocrx_word' id='word_1_339' title='bbox 1056 4768 1196 4826; x_wconf 74' lang='lat' dir='ltr'><strong>Deionis</strong></span> <span class='ocrx_word' id='word_1_340' title='bbox 1215 4779 1311 4844; x_wconf 83' lang='lat' dir='ltr'><strong>poetae</strong></span> <span class='ocrx_word' id='word_1_341' title='bbox 1329 4786 1480 4844; x_wconf 86' lang='lat' dir='ltr'><strong>eorumque</strong></span> <span class='ocrx_word' id='word_1_342' title='bbox 1502 4767 1637 4827; x_wconf 81' lang='lat' dir='ltr'><strong>similibus</strong></span> <span class='ocrx_word' id='word_1_343' title='bbox 1655 4788 1732 4828; x_wconf 88' lang='lat' dir='ltr'><strong>oom-</strong></span> 
     </span>
     <span class='ocr_line' id='line_1_32' title="bbox 155 4859 863 4918; baseline -0.006 -1"><span class='ocrx_word' id='word_1_344' title='bbox 155 4860 297 4917; x_wconf 80' lang='lat' dir='ltr'><strong>rnentmiis</strong></span> <span class='ocrx_word' id='word_1_345' title='bbox 315 4859 522 4918; x_wconf 55' lang='lat' dir='ltr'><strong>inira‘dicetnr.</strong></span> <span class='ocrx_word' id='word_1_346' title='bbox 860 4876 863 4883; x_wconf 91' lang='grc'>·</span> 
     </span>
    </p>
   </div>
   <div class='ocr_carea' id='block_1_6' title="bbox 1392 4968 1451 5030">
    <p class='ocr_par' dir='ltr' id='par_1_6' title="bbox 1392 4968 1451 5030">
     <span class='ocr_line' id='line_1_33' title="bbox 1392 4968 1451 5030; baseline -0.017 0"><span class='ocrx_word' id='word_1_347' title='bbox 1392 4968 1451 5030; x_wconf 74' lang='grc' dir='ltr'>Μ</span> 
     </span>
    </p>
   </div>
   <div class='ocr_carea' id='block_1_7' title="bbox 0 0 2094 5624">
    <p class='ocr_par' dir='ltr' id='par_1_7' title="bbox 0 0 2094 5624">
     <span class='ocr_line' id='line_1_34' title="bbox 0 0 2094 5624; baseline 0 0"><span class='ocrx_word' id='word_1_348' title='bbox 0 0 2094 5624; x_wconf 95' lang='lat' dir='ltr'><strong> </strong></span> 
     </span>
    </p>
   </div>
  </div>
 </body>
</html>
