4178 5624
898 342 971 415 ·15

828 456 1064 483 mm

153 617 237 704 Cyri
259 617 355 681 vitam
377 623 409 680 et
428 611 628 700 disciplinam
650 607 713 676 illis
731 607 823 676 libris
839 608 1011 698 praeferre,
1034 608 1133 677 rebus
1148 619 1261 709 tamen
1270 612 1424 680 Romanis
1439 614 1535 704 longe
1550 615 1738 705 aptioribus.

153 732 225 801 Cic
240 732 332 797 nme
349 731 401 796 29.
776 827 781 835 Ι
1209 726 1212 731 ’
1533 721 1536 728 ’

307 850 347 911 L.
364 848 463 911 Com.
477 838 569 906 Sulla
584 839 627 908 de
642 843 707 907 vita
722 837 887 926 rebusque
901 843 969 906 suis
985 861 1069 926 opus
1085 840 1305 928 imperfectum
1322 841 1465 929 reliquit;
1490 865 1507 909 e
1528 843 1613 911 libro
1635 851 1739 934 primo

153 972 186 1028 et
200 962 356 1049 vigesimo
369 957 478 1023 locum
493 955 587 1022 affert
602 957 788 1022 Priscianus
803 959 832 1036 9,
843 957 873 1029 ’1.
898 955 936 1021 uf.
950 954 1037 1022 Gell.
1051 959 1077 1035 1,
1095 959 1143 1023 12.
1162 961 1213 1035 20,
1227 957 1256 1021 6.
1288 959 1439 1024 Proximo
1455 958 1539 1026 libro
1556 959 1617 1026 sub
1634 965 1738 1049 ipsum

152 1079 265 1143 mortis
293 1079 420 1159 tempus'
439 1092 568 1137 manum
589 1070 712 1138 Sullam
732 1070 920 1137 adhibuisse
940 1080 1054 1137 auctor
1075 1081 1124 1136 est
1144 1070 1335 1137 Plutarchus
1351 1071 1431 1139 Sull.
1449 1075 1536 1145 cdi.
1582 1077 1739 1145 Prisciani

154 1201 259 1257 autem
276 1197 306 1254 et
322 1185 421 1254 Gellii
435 1188 627 1253 testimoniis
643 1184 762 1252 diserte
775 1187 935 1253 refutatur
949 1208 1062 1253 eorum
1078 1189 1200 1273 opinio,
1222 1191 1279 1272 qui
1295 1187 1422 1253 Graece
1437 1187 1557 1254 Sullam
1573 1194 1739 1278 scripsisse

152 1312 334 1371 statuerunt
345 1301 407 1387 (¹).
452 1301 592 1393 Decepit
608 1323 665 1369 eos
681 1301 873 1365 Plutarchus
888 1300 1147 1390 frequentissime
1161 1301 1258 1367 huius
1274 1301 1349 1367 libri
1365 1305 1554 1369 auctoritate
1570 1326 1657 1384 usus,
1681 1305 1739 1372 sed

152 1419 371 1486 Romanarum
385 1415 556 1503 ,literarum
576 1414 660 1483 idem
682 1435 751 1481 non
772 1435 966 1502 magnopere
987 1418 1105 1480 sciens:
1129 1435 1202 1480 nam
1225 1414 1315 1500 quod
1334 1415 1476 1482 Lucullo
1494 1423 1762 1485 commentarios-

152 1555 231 1601 suos
251 1532 414 1600 dedicavit
436 1530 604 1615 Sulla(⁸),
629 1551 695 1616 quo
716 1533 875 1596 neminem
895 1533 1019 1616 putavit
1039 1527 1080 1595 ad
1102 1528 1356 1596 concinnandam
1376 1530 1540 1596 historiam
1555 1537 1654 1621 magis
1670 1532 1740 1599 ido·

153 1669 260 1726 neum,
291 1645 368 1712 inde
393 1643 472 1732 quid
495 1644 536 1711 de
556 1666 705 1711 sermone
727 1644 834 1732 colligi
855 1655 960 1731 queat,
982 1662 1051 1712 uon
1071 1642 1177 1711 video.
1224 1645 1464 1731 Saepenumero
1485 1648 1594 1710 amicis
1616 1644 1650 1711 id
1670 1667 1740 1710 mu·

152 1781 215 1828 nus
236 1759 384 1826 relictum
404 1759 548 1848 legimus,
571 1769 609 1826 ut
627 1769 828 1827 mortuorum
851 1762 1027 1825 amicorum
1048 1761 1175 1845 scriptis
1192 1769 1361 1824 extremam
1377 1780 1506 1824 manum
1521 1761 1740 1844 imponerent;

154 1885 186 1940 et
207 1877 336 1962 scripsit
357 1896 434 1940 sane
449 1873 606 1940 Lucullus
623 1873 751 1939 Graece
766 1873 808 1938 de
823 1873 911 1939 bello
925 1875 1076 1951 Marsico,
1100 1872 1158 1938 sed
1172 1870 1301 1951 Sullam,
1326 1895 1421 1958 quern
1439 1895 1476 1938 ex
1492 1871 1644 1941 Sallustio
1659 1872 1739 1958 (lug.

155 1990 221 2072 95.)
236 1988 337 2052 literis
353 1988 489 2053 Graecis
504 1998 603 2072 atque
618 1987 741 2051 Latinis
756 1989 844 2052 iuxta
861 2008 899 2051 ac
914 1984 1099 2051 doctissime
1115 1985 1275 2053 eruditum
1291 1987 1390 2052 luisse
1408 1989 1631 2074 comperimus,
1653 1986 1739 2051 illius

152 2112 188 2168 ut
208 2103 372 2189 peritioris
391 2104 485 2167 amici
500 2122 631 2189 operam
647 2104 848 2188 poposcisse,
871 2111 990 2167 temere
1006 2099 1175 2167 iudicatur.
1220 2101 1258 2167 ld
1275 2101 1378 2167 solum
1395 2105 1514 2190 negotii
1530 2099 1669 2167 Lucullo
1685 2097 1740 2164 da·

152 2227 219 2282 tum
235 2237 307 2283 esse
323 2215 522 2297 crediderim,
546 2225 582 2280 ut
598 2237 649 2281 res
665 2224 808 2279 narratas
824 2217 1004 2279 accuratius
1020 2213 1187 2301 digereret,
1210 2217 1359 2282 inchoata
1380 2216 1572 2295 absolveret,
1594 2215 1741 2281 inferret·

153 2351 220 2416 que
234 2329 344 2415 aliqua
358 2332 515 2394 orationis
531 2338 727 2407 ornamenta,
750 2349 818 2414 quo
836 2326 944 2393 studio
960 2327 1117 2393 Lucullus
1133 2331 1266 2415 insignis
1281 2329 1382 2394 luisse
1397 2330 1524 2396 dicitur.
1564 2329 1649 2396 Cum
1664 2328 1740 2393 Plu-

154 2445 266 2511 tarcho
291 2464 360 2510 non
386 2464 481 2530 aegre
510 2441 701 2507 conciliatur
722 2443 908 2520 Suetonius,
931 2441 1110 2527 Epicadum
1128 2441 1278 2506 libertum
1300 2463 1384 2528 opus
1404 2443 1513 2509 Sullae
1530 2443 1739 2508 novissimum

154 2558 356 2644 supplevisse
375 2556 496 2635 diceus,
520 2554 562 2622 de
582 2555 696 2622 illustr.
717 2577 844 2643 gramm.
860 2559 910 2622 12.
955 2534 1074 2642 Neque
1092 2557 1177 2620 enim
1192 2554 1226 2620 id
1243 2555 1353 2621 Sullae
1368 2559 1460 2621 iussu
1476 2556 1552 2621 lecit
1567 2554 1739 2643 Epicadus,

152 2692 261 2759 neque
283 2670 395 2737 eadem
421 2693 493 2736 cum
515 2669 655 2737 Lucullo
678 2674 813 2750 ratione,
838 2669 896 2735 sed
919 2670 1057 2735 lortasse
1077 2671 1207 2750 Fausto,
1231 2669 1341 2736 Sullae
1363 2669 1443 2749 lilio,
1467 2674 1520 2735 cui
1544 2673 1739 2758 gratissimus

154 2796 230 2867 erat,
253 2784 480 2873 obtemperans
504 2792 536 2848 et
558 2793 654 2869 quam
677 2805 696 2848 e
718 2783 894 2849 domestica
917 2781 1153 2848 consuetudine
1174 2793 1309 2848 noverat
1332 2786 1417 2848 vitae
1441 2793 1562 2869 partem
1587 2803 1739 2869 persecu-

154 2912 206 2966 tus
219 2899 277 2984 (³).
316 2899 470 2967 Ceterum
486 2900 629 2965 incertae
643 2896 721 2962 fidei
737 2919 836 2983 quum
853 2906 986 2984 propter
1001 2897 1058 2963 has
1075 2918 1187 2962 musas
1203 2918 1260 2962 eos
1276 2895 1378 2963 libros
1393 2897 1495 2962 luisse
1511 2895 1667 2963 credibile
1683 2906 1740 2976 est,

152 3025 221 3078 tum
242 3012 332 3099 quod
352 3035 394 3080 eo
413 3015 616 3100 potissimum
638 3010 775 3078 consilio
796 3033 848 3076 res
870 3032 944 3076 suas
967 3015 1171 3077 contexuisse
1190 2999 1325 3076 videtur
1340 3010 1439 3090 Sulla,
1461 3021 1498 3076 ut
1518 3033 1576 3075 sua
1595 3011 1739 3089 felicitas,

154 3126 290 3194 deorum
306 3149 380 3216 erga
395 3149 431 3193 se
446 3127 546 3206 lavor,
563 3129 597 3192 in
612 3125 814 3193 adversarios
830 3147 908 3191 suos
924 3129 971 3190 ira
987 3136 1168 3212 appareret;
1193 3124 1402 3212 quamobrem
1419 3135 1450 3191 et
1461 3125 1651 3190 Plutarchus
1668 3145 1740 3190 cunr

155 3241 293 3330 quadam
309 3245 406 3308 animi
420 3243 633 3307 haesitatione
648 3262 721 3307 eum
738 3243 909 3327 sequitur(
932 3247 954 3323 ).

307 3363 346 3422 L.
367 3355 548 3435 Luculleas,
577 3358 668 3422 cuius
691 3354 791 3423 modo
816 3357 936 3421 mentio
961 3353 1044 3419 lacta
1068 3365 1125 3433 est,
1153 3352 1231 3420 belli
1252 3355 1385 3420 Marsici
1408 3374 1553 3441 graecam
1575 3354 1739 3418 historiam

157 3469 297 3535 edidisse
320 3468 417 3533 relert
440 3468 631 3532 Plutarchus
653 3473 708 3533 vit.
739 3472 817 3535 Luc.
838 3492 865 3533 c.
878 3472 904 3533 1.
951 3470 1029 3534 Non
1053 3478 1152 3533 totam
1176 3471 1272 3555 igitur
1293 3472 1388 3533 vitam
1413 3489 1502 3533 suam
1526 3470 1739 3554 pertractavit,

155 3583 213 3650 sad
235 3585 320 3648 hanc
340 3585 410 3647 eius
430 3591 552 3668 partem
574 3584 650 3647 satis
673 3581 922 3649 memorabilem.
968 3584 1101 3647 Asiatici
1117 3581 1194 3675 belli
1209 3584 1374 3650 historiam
1389 3581 1570 3649 adiunctam
1587 3582 1686 3646 luisse
1701 3602 1739 3646 ex

156 3697 318 3766 Cicerone
333 3695 374 3762 ad
390 3697 454 3761 Ao.
471 3700 498 3775 1,
514 3700 564 3762 19.
589 3696 697 3785 colligi
711 3719 780 3763 non
796 3694 901 3763 debet.
1137 3675 1143 3678 ³

308 3810 374 3879 Sed
390 3809 504 3877 eodem
520 3809 597 3877 loco
612 3817 665 3877 M.
681 3811 767 3878 rau.
785 3814 895 3878 Cicero
912 3814 1172 3877 commentarium
1189 3811 1376 3878 consulatus
1392 3813 1443 3876 sui
1459 3809 1589 3888 Graece
1607 3827 1739 3894 compo·

157 3928 252 3990 situm
272 3946 307 3988 se
329 3926 370 3991 ad
386 3928 526 3991 Atticum
546 3929 673 3992 misisse
693 3929 745 3992 ait
790 3927 949 3993 Novimus
965 3924 1035 3989 illas
1052 3927 1166 3990 summi
1180 3927 1242 3988 viri
1256 3925 1414 3999 ληκύθουςε
1438 3925 1595 4010 promittit
1612 3904 1739 3988 easdem

155 4059 209 4105 res
228 4039 345 4104 Latiam
368 4059 516 4106 sermone
537 4042 785 4129 comprehensas
808 4063 847 4106 ac
866 4041 994 4106 tertium
1015 4058 1140 4123 poema,
1162 4058 1205 4104 ue
1229 4037 1318 4124 quod
1340 4058 1440 4126 genus
1457 4060 1475 4103 a
1496 4058 1531 4103 se
1546 4039 1619 4124 ipso
1635 4034 1739 4100 laudis

156 4174 234 4220 suas
255 4156 514 4240 praetermissum
535 4157 577 4220 sit
592 4154 654 4240 (⁶).
698 4157 785 4221 Num
804 4173 881 4219 vere
899 4151 1068 4234 addiderit,
1090 4173 1159 4220 non
1176 4150 1391 4243 ipeupreqme‘
1405 4175 1476 4241 esse
1491 4153 1579 4230 haec,
1603 4146 1660 4215 sed
1677 4147 1739 4228 ἱςο-

1679 4340 1735 4348 ...ι

195 4458 237 4530 (¹)
269 4457 343 4517 hunc
366 4478 486 4518 errorem
509 4448 732 4542 plbpagarerunt
756 4463 891 4538 imprimis
911 4463 1023 4520 lleereu
1048 4464 1083 4520 de
1108 4464 1192 4522 sontt.
1219 4462 1293 4521 Plut.
1319 4481 1348 4537 p.
1361 4465 1423 4517 152.
1452 4469 1481 4514 et
1506 4455 1645 4515 Schlosser
1669 4457 1738 4516 Uni·

158 4547 310 4608 earduus.
331 4543 594 4619 theaeteto.
1746 4544 1752 4551 ·

196 4659 238 4734 (²)
270 4657 345 4714 Plut.
365 4657 475 4714 Lucull.
497 4667 523 4716 1.
538 4656 566 4715 l.
678 4661 720 4735 (³)
751 4659 950 4720 cthmmn
969 4659 1021 4719 l.l.
1043 4665 1069 4717 1.
1091 4654 1194 4736 p.l99.
1214 4668 1275 4735 sqq.
1307 4656 1402 4719 Vosrii
1424 4659 1509 4727 ratio,
1533 4657 1568 4715 de
1589 4654 1654 4714 bist.
1675 4657 1736 4714 Lat.

161 4753 229 4817 1,9.
250 4768 349 4824 parurn
367 4747 570 4824 probabilitatis
589 4749 679 4809 habet.

195 4859 237 4930 (‘)
268 4858 331 4916 add.
347 4856 419 4916 Ptin.
435 4856 619 4927 N.H.re,6.
731 4859 773 4932 (⁸)
806 4879 832 4916 r.
848 4857 1014 4936 Quintilian.
1029 4864 1073 4914 11.
1090 4863 1116 4914 1.
1133 4863 1178 4915 ts.
