4178 5624
1140 345 1186 418 10

1043 456 1278 486 mum

367 616 444 697 libri
458 614 691 684 Excellentium
709 613 757 698 (¹)
779 621 811 680 et
830 611 950 681 similos
971 609 1134 680 reterendi
1152 619 1237 678 sumt.
1283 610 1401 697 Neque
1415 610 1588 689 Plutarcho
1605 617 1715 702 potius
1732 614 1833 684 ullum
1849 621 1954 685 oonsi-

367 731 448 805 tun
468 731 568 799 luisse
588 733 706 797 sciram
722 750 819 816 quam
834 748 940 795 mores
957 724 1158 806 emendandi,
1181 727 1304 793 animos
1319 724 1362 793 ad
1377 747 1490 814 maguae
1504 727 1649 797 iocinore
1664 729 1811 799 acuendi
1856 731 1954 800 Unde

367 845 415 929 fir,
439 855 475 913 ut
490 867 562 910 cum
577 847 698 911 maiore
712 840 913 909 iucunditate
928 863 1024 926 quam
1040 839 1106 905 fide
1122 840 1253 928 legatur.

522 958 590 1028 Sed
603 959 664 1025 bac
677 960 749 1051 ipsa
763 978 800 1023 re
815 955 1006 1023 Plutarchus
1019 954 1061 1022 ad
1072 958 1213 1022 rationes
1224 957 1446 1024 Romanorum
1458 978 1493 1023 se
1504 956 1765 1041 accommodavit,
1782 965 1848 1048 qui,
1864 961 1955 1048 quod

369 1079 499 1147 tortium
520 1096 619 1160 supra
640 1075 674 1138 in
693 1073 758 1138 hoc
775 1080 962 1158 argumento
978 1069 1249 1140 considerandum
1264 1074 1371 1158 poetri
1393 1073 1526 1138 historia
1542 1070 1692 1139 idoneam
1707 1075 1956 1163 virtutispubli-

369 1214 427 1261 rae
443 1189 645 1276 disciplinam
662 1188 822 1253 contineri
836 1186 1002 1272 putabant.
1043 1188 1141 1253 Hunc
1156 1189 1226 1254 eius
1243 1184 1399 1253 colendae
1413 1185 1512 1253 finem
1526 1185 1701 1254 voluerunt
1716 1209 1797 1267 esse,
1820 1202 1857 1256 ut
1871 1194 1956 1259 vitae

368 1310 550 1396 magistram
570 1308 755 1391 praestaret
800 1301 914 1388 ltaque
927 1303 1061 1368 Tacitus
1080 1305 1290 1388 praecipuum
1310 1323 1427 1368 munus
1449 1303 1604 1368 historiae
1624 1324 1696 1370 csse
1715 1301 1813 1383 ducit,
1836 1325 1879 1370 ne
1894 1309 1957 1373 vir·

369 1429 456 1491 tutes
476 1416 631 1492 sileantur
650 1426 752 1503 utque
772 1419 880 1502 pravis
902 1414 996 1482 dictis
1017 1414 1176 1502 lactisque
1195 1437 1233 1482 ex
1248 1419 1437 1502 posteritate
1451 1426 1484 1482 et
1498 1417 1627 1483 infamia
1642 1428 1746 1484 metus
1762 1417 1871 1503 sit(²).
1918 1421 1957 1485 ln

370 1533 446 1622 quo¹
463 1515 599 1599 consilio
620 1528 848 1619 persequendo
869 1528 943 1599 fieri
960 1551 1030 1597 non
1050 1533 1166 1617 potuit,
1190 1534 1270 1616 quin
1291 1531 1495 1618 singulorum
1511 1535 1713 1619 potissimum
1734 1533 1899 1600 bominum
1919 1555 1957 1599 ex

370 1646 497 1734 reliqua
523 1644 727 1716 multitudine
750 1644 975 1715 excellentium
997 1649 1080 1714 ratio
1103 1644 1285 1712 haberetur.
1332 1645 1511 1726 Convenit,
1539 1646 1631 1734 quod
1653 1649 1765 1714 Liuius
1790 1650 1824 1713 in
1848 1651 1957 1735 operis

370 1762 570 1851 praelatione
584 1759 713 1829 suadet:
734 1759 795 1840 „ad
810 1759 864 1827 illa
880 1761 957 1829 mibi
971 1783 1032 1848 pro
1048 1782 1085 1828 ss
1100 1763 1240 1847 quisquc
1255 1763 1371 1827 acriter
1385 1760 1531 1828 intendat
1545 1765 1695 1842 animum,
1711 1783 1796 1849 quae
1809 1765 1884 1843 rita,
1900 1767 1957 1848 qui

369 1896 476 1946 nores
497 1874 625 1956 tuerint,
648 1897 708 1963 per
728 1897 812 1962 quos
827 1878 915 1942 viros
937 1874 1123 1962 quibusque
1138 1875 1261 1942 artibus
1277 1875 1365 1943 domi
1379 1876 1576 1962 militiaeque
1592 1887 1625 1942 et
1638 1886 1765 1963 parturn
1780 1887 1812 1943 et
1827 1887 1956 1943 auctum

370 1993 540 2079 imparium
551 1993 597 2059 sit
612 2038 662 2056 ...
678 1992 742 2058 boc
756 1989 838 2058 illud
854 1999 903 2059 est
917 1990 1092 2075 praecipue
1107 1991 1141 2053 in
1157 1989 1342 2076 cognitione
1356 2008 1464 2053 rerum
1480 1988 1611 2054 salubre
1626 2012 1665 2053 ac
1679 1992 1875 2074 frugiferum,
1891 2012 1959 2056 om·

369 2107 421 2175 nis
442 2115 475 2170 te
497 2103 635 2190 exempli
655 2102 848 2172 documenta
870 2105 905 2169 in
923 2101 1042 2169 illustri
1061 2104 1169 2189 posita
1188 2110 1398 2168 monumento
1418 2103 1551 2167 intueri:
1575 2101 1652 2168 inde
1666 2100 1726 2166 tibi
1741 2112 1882 2188 tuaeque
1897 2107 1959 2169 rei-

369 2217 521 2308 publicae
542 2217 633 2305 quod
653 2221 777 2287 imitere
798 2220 920 2305 capiam
947 2216 1024 2284 inde
1045 2215 1178 2283 foedum
1199 2219 1344 2303 inceptu,
1371 2215 1504 2282 foedum
1527 2218 1627 2296 exitu,
1650 2215 1741 2304 quod
1761 2218 1872 2283 vites.”
1917 2218 1960 2283 Et

304 2346 307 2351 '
370 2334 555 2420 Dionysius
570 2332 732 2399 Halicarn.
747 2335 905 2418 Antiquit.
921 2333 1016 2397 Rom.
1031 2352 1176 2420 prooem.
1192 2334 1220 2410 1,
1233 2333 1266 2395 6:
1292 2351 1329 2395 ex
1349 2331 1483 2397 historia
1504 2341 1654 2396 accurate
1675 2334 1794 2418 scripta
1810 2330 1890 2398 duas
1906 2352 1958 2397 res

372 2451 502 2519 evenire
515 2451 653 2532 optimas
669 2457 702 2515 et
717 2451 927 2531 aequissimas
942 2451 1001 2515 reis
1017 2442 1073 2528 solt
1093 2439 1333 2528 ἔοιποπλορυιοὸνι
1348 2440 1399 2516 τὴν
1419 2444 1531 2512 iuveris
1548 2451 1656 2532 μοῖρον
1674 2439 1812 2533 ἀνδρίαν
1828 2444 1960 2534 οἰγοθοῒς,

371 2554 457 2650 bine
480 2555 592 2631 νιύνίου
612 2552 791 2646 τυγχνίνειν,
816 2552 869 2626 stol
896 2560 966 2643 προς
987 2556 1043 2623 τῶν
1069 2551 1294 2642 ἐπιγιγνομένων
1320 2554 1511 2635 traslatores,
1537 2548 1560 2625 οἳ
1585 2562 1668 2624 ποιοῖ*
1684 2555 1733 2632 τοῖν
1752 2556 1849 2633 θνητὴν
1868 2559 1961 2646 φύσιν
2004 2615 2009 2625 .

371 2669 545 2761 ὁμοιοῦνθοι
569 2673 605 2767 τῇ
630 2669 705 2762 trip,
729 2665 782 2742 eal
806 2666 853 2760 μοὶ
871 2664 1113 2745 ουνοιονοθνιίοιιειν
1137 2670 1238 2741 dorsis
1255 2666 1296 2739 roi
1314 2666 1390 2758 ἔργον
1408 2674 1467 2742 τοῖς
1485 2666 1616 2757 σώμασι·
1643 2674 1708 2743 sris
1723 2665 1756 2738 dl
1776 2671 1827 2740 ἀπ’
1849 2669 1960 2741 ἐκείνων

371 2791 428 2858 νῦν
448 2784 560 2857 trottae
586 2783 694 2874 deb&
719 2785 767 2854 νῦν
784 2811 818 2855 τι
836 2779 900 2854 οὖσι
919 2779 972 2854 scol
990 2781 1092 2870 ὕςερον
1111 2783 1255 2871 ἐσομένοις
1273 2781 1319 2870 μοί
1336 2779 1383 2852 rdv
1399 2773 1499 2867 ἥὸιςὸν
1517 2811 1548 2852 τι
1567 2779 1619 2853 real
1636 2785 1728 2875 ῥᾷςον
1747 2784 1888 2875 οἶμῖοθοι
1905 2789 1961 2854 νῦν

372 2898 459 2984 βίον,
485 2895 576 2973 dabo*
598 2895 647 2973 οόν
666 2897 857 2990 οὖγονίςοοτον
876 2894 930 2969 aad
948 2893 1193 2988 φιλοτιμὸτοιιον,
1219 2896 1439 2985 ἐνθυμουμένοις
1458 2898 1501 2968 ‘o'rr
1520 2892 1588 2972 rode
1606 2896 1769 2989 ον’λνφίτος
1787 2895 1889 2973 mods
1907 2898 1962 2972 τοίς

245 3075 250 3085 .
372 3014 491 3106 τούτοις
514 3015 548 3087 εὀι
572 3015 625 3085 τοῦ
649 3013 751 3102 γένους
770 3011 927 3103 ἀφορμάς,
944 3011 1099 3119 μίγνυ-ἔφ’
1122 3010 1237 3085 daorsis
1254 3004 1392 3099 rpcrn'nrr
1411 3017 1524 3100 ῲρονεῒν
1544 3008 1597 3083 aral
1615 3011 1706 3101 perdis
1726 3014 1843 3107 οἰνοίξιον
1864 3015 1961 3090 ἔπιτον·

373 3123 466 3204 trdus
484 3127 541 3197 νῦν
559 3122 714 3218 προγονων.
760 3126 912 3212 Quorum
925 3124 1074 3192 locorum
1090 3127 1279 3191 sententiam
1293 3125 1498 3191 historiarum
1512 3127 1731 3193 Romanarum
1746 3130 1832 3194 haud
1849 3133 1962 3215 exigua

375 3265 451 3334 pars
474 3243 643 3312 manifesto
668 3240 845 3311 confirmat
889 3243 974 3308 Nem
997 3242 1032 3307 in
1055 3239 1256 3326 sopitorum
1276 3243 1422 3334 virorum
1444 3239 1588 3306 consiliis
1611 3240 1770 3327 factisque
1791 3241 1960 3307 namandis
2038 3220 2042 3225 ’

375 3367 546 3427 versantur
565 3356 730 3444 plurimae,
758 3365 795 3422 ut
813 3356 878 3422 boc
897 3353 1027 3441 quidem
1046 3364 1198 3441 respectu
1218 3358 1418 3422 mirationem
1439 3357 1567 3421 minime
1588 3354 1712 3436 babeat,
1735 3355 1826 3442 quod
1847 3367 1960 3423 nostro

376 3482 522 3559 tempora
543 3474 651 3552 extitit,
675 3475 733 3559 qui
752 3473 967 3560 gravissimam
987 3468 1186 3559 reipublicae
1200 3480 1333 3537 aetatem
1349 3468 1420 3536 sola
1434 3473 1571 3536 vitarum
1585 3469 1855 3538 nobilissimarum
1871 3493 1962 3538 enar·

376 3590 503 3655 ratione
518 3585 793 3674 complecteretur.
808 3567 811 3572 ’
837 3588 978 3653 Tametsi
992 3589 1076 3654 euim
1091 3607 1192 3674 penes
1207 3585 1365 3674 populum
1379 3584 1578 3673 reipublicae
1593 3584 1759 3651 arbitrium
1775 3597 1832 3664 est,
1855 3596 1961 3651 tamen

376 3702 496 3791 singull
507 3701 559 3769 vel
573 3705 718 3790 potentia
733 3705 867 3789 suisque
880 3703 995 3768 mentis
1005 3700 1129 3767 viribus
1145 3711 1243 3788 atque
1258 3702 1396 3780 fortuna,
1411 3701 1464 3765 vel
1480 3703 1597 3765 civium
1611 3699 1679 3765 tide
1693 3703 1842 3786 acgratia
1855 3702 1962 3764 eximii

377 3821 490 3885 aetatis
511 3839 590 3887 snae
610 3820 775 3906 ingenium
789 3814 1085 3904 repraesentabunt,
1107 3817 1293 3903 praesertim
1310 3836 1410 3901 quum
1425 3812 1624 3901 procedente
1638 3825 1784 3900 tempore
1800 3816 1911 3878 civitas
1927 3817 1961 3879 in

378 3929 536 4004 lectiones
551 3931 729 4018 digreditur
741 3931 802 4016 (³);
827 3953 963 4019 quarum
978 3933 1036 4017 qui
1051 3928 1151 3997 duces
1166 3932 1301 4008 noverit,
1317 3928 1553 4016 propemodum
1568 3950 1679 3997 omnes
1693 3932 1794 3996 novit.
1833 3929 1871 3993 ln
1888 3948 1962 3993 ean·

379 4043 454 4118 den
475 4049 663 4114 sententiare
684 4051 815 4115 Tacitus
830 4055 915 4114 Anu.
927 4046 957 4127 d,
969 4048 1023 4114 ³3.
1038 4048 1180 4132 scripsit:
1203 4043 1299 4125 „olirn
1319 4039 1416 4131 plebe
1436 4043 1551 4124 valide,
1573 4043 1626 4110 vel
1648 4054 1747 4131 quum
1767 4052 1875 4130 patres
1890 4041 1962 4129 pol-

379 4158 492 4240 lerent,
521 4157 687 4225 noscenda
708 4159 797 4246 vulgi
819 4170 934 4232 natura
956 4171 989 4227 et
1010 4159 1129 4249 quibus
1149 4157 1254 4227 modis
1274 4169 1488 4246 temperanter
1508 4157 1690 4240 baberetur,
1713 4166 1910 4242 senatusque
1930 4167 1963 4221 et

381 4277 580 4362 optimatium
606 4276 733 4362 ingenia
759 4276 817 4359 qui
843 4275 975 4338 maxime
998 4272 1251 4361 perdidicerant,
1281 4274 1388 4342 callidi
1411 4284 1590 4364 temporum
1612 4284 1643 4341 ct
1667 4275 1827 4359 sapientes
1852 4270 1961 4338 crede-

380 4385 526 4456 bantur.''

1475 4452 1479 4458 ’
1551 4444 1586 4541 i

419 4643 461 4716 (¹)
492 4644 689 4704 ciliorum
706 4645 797 4704 anth.
813 4647 916 4703 Isstss.
936 4647 1040 4722 pido.
1080 4643 1206 4704 Crinitus
1224 4644 1259 4701 de
1277 4646 1364 4720 poetis
1383 4645 1446 4701 Lat.
1461 4649 1490 4713 5,
1506 4650 1549 4703 81.

420 4750 462 4825 (¹)
494 4752 560 4809 Tac.
575 4754 652 4809 Ann.
667 4761 696 4821 3,
711 4754 756 4811 65.

420 4858 461 4934 (¹)
492 4879 519 4918 r.
536 4859 683 4918 Dromenn
701 4867 781 4923 Rom.
799 4861 898 4920 Gesch.
915 4875 941 4952 qt.
957 4869 984 4921 3.
1006 4862 1091 4940 prael.
1112 4882 1141 4939 p.
1155 4879 1195 4919 ον.
1216 4859 1280 4920 add.
1301 4873 1322 4920 t.
1337 4869 1362 4918 t.
1382 4879 1411 4937 p.
1424 4878 1450 4916 r.
