4178 5624
1018 344 1063 418 16

919 456 1155 485 mm

245 616 322 708 pred,
346 639 430 706 quae
450 602 578 695 scribat,
600 617 671 680 iure
691 611 882 713 dubitamus,
904 630 1013 697 neque
1034 609 1135 677 Corn.
1155 610 1304 697 Nepoti(
1310 609 1338 694 ¹)
1357 611 1452 680 facile
1472 618 1671 697 assentimur,
1695 616 1829 684 Cicero-

245 756 320 800 nem
340 754 439 799 unum
459 733 558 797 luisse
579 728 787 816 praedicanti,
810 725 867 812 qui
886 728 1029 812 potuerit
1051 733 1083 790 et
1104 722 1253 790 debuerit
1276 727 1441 792 historiam
1465 728 1560 817 digna
1581 753 1664 798 voce
1684 726 1829 820 pronirn-

247 852 334 914 tiare.
351 884 392 906 -.-
428 845 529 932 Quod
551 847 585 908 in
606 841 742 929 epistola
762 837 804 905 ad
824 839 996 905 Lentulum
1019 842 1061 925 (l,
1076 841 1119 925 9.)
1140 835 1444 907 memoratCicero:
1468 848 1602 930 „scripsi
1621 849 1714 912 etiam
1729 850 1829 914 versi-

246 962 308 1028 bus
329 971 395 1027 tres
416 959 521 1038 libros
540 957 581 1023 de
602 954 802 1041 temporibus
823 959 911 1032 meis,
936 974 1019 1041 quos
1039 957 1102 1019 iam
1122 953 1247 1041 pridem
1263 955 1304 1020 ad
1320 965 1353 1021 te
1366 959 1531 1037 misissem,
1554 961 1668 1027 siesse
1684 960 1829 1027 edendos

246 1088 423 1163 putassem
451 1060 526 1140 suut
550 1074 633 1135 enim
656 1079 754 1135 testes
777 1079 808 1135 et
830 1078 925 1135 erunt
944 1072 1129 1155 sempiterni
1150 1073 1337 1135 meritorum
1360 1093 1433 1159 erga
1453 1093 1505 1137 me
1525 1081 1655 1138 tuorum
1675 1095 1830 1161 meaeque

246 1192 400 1278 pietatis,”
415 1207 483 1252 non
498 1184 627 1249 videtur
641 1184 737 1249 alium
753 1184 870 1250 librum
885 1183 1063 1270 designare,
1080 1205 1175 1269 quam
1191 1183 1233 1250 de
1248 1184 1420 1252 consulatu
1435 1207 1495 1267 suo
1511 1207 1626 1273 poema
1639 1187 1698 1271 (²).
1733 1192 1831 1256 Prae·

245 1317 334 1371 terea
354 1306 417 1367 hoc
438 1300 513 1365 loco
537 1296 836 1364 commemorandus
857 1308 907 1366 est
929 1298 1100 1364 Ciceronis
1119 1298 1203 1363 liber
1222 1298 1283 1378 „de
1306 1303 1372 1366 suis
1394 1301 1622 1401 consiliisss’in
1643 1324 1709 1388 quo
1730 1303 1831 1369 multa

247 1416 363 1483 acerbe
379 1422 492 1479 contra
504 1411 675 1479 Caesarem
692 1421 724 1476 et
741 1410 895 1477 Crassum
911 1411 1059 1498 aliosque
1074 1424 1292 1502 congesseram
1316 1413 1533 1481 sedmetuens
1548 1436 1590 1481 ne
1605 1418 1731 1481 seviro
1747 1437 1832 1482 ema·

246 1539 351 1608 naret,
379 1528 582 1614 obsignatum
605 1525 675 1592 iilio
699 1524 830 1591 tradidit
855 1548 927 1592 cum
950 1525 1110 1608 mandato,
1138 1550 1181 1594 ne
1206 1551 1278 1595 eum
1301 1550 1337 1594 se
1360 1533 1533 1616 superstite
1555 1540 1611 1596 aut
1632 1529 1753 1617 legeret
1774 1539 1832 1596 aut

247 1643 366 1710 ederet.
394 1667 424 1708 v.
439 1644 505 1707 Dio
523 1641 614 1708 Cass.
629 1641 712 1707 139.
728 1650 803 1728 post
817 1643 885 1706 init.
1323 1690 1328 1700 .
1366 1717 1367 1720 Ἴ

399 1762 450 1823 Μ.
471 1761 547 1822 Ter.
569 1761 756 1824 Varronem
778 1754 945 1823 Charisius
967 1761 1001 1840 (t.
1014 1761 1041 1823 1.
1057 1760 1150 1844 p.50.
1166 1757 1305 1844 Lindm.)
1325 1767 1459 1826 testatur
1480 1757 1522 1826 de
1542 1781 1601 1825 sua
1617 1781 1750 1846 quoque
1765 1761 1830 1824 vita

246 1872 363 1939 librum
380 1871 529 1939 edidisse.
797 1954 800 1959 Ι
1531 1892 1534 1899 ’
1664 1923 1668 1932 ,

361 2008 364 2013 ·
399 1988 452 2051 De
475 1987 539 2050 hoc
562 1983 648 2049 lihro
671 1987 779 2048 verius
801 1983 940 2062 dicatur,
969 1983 1058 2069 quod
1082 1982 1123 2048 de
1147 1989 1198 2049 M.
1219 1989 1299 2049 len.
1321 1989 1419 2050 Bruti
1440 1991 1677 2075 commentariis
1700 1987 1832 2053 Schlos-

246 2123 338 2167 serus
356 2101 408 2186 (³)
431 2110 549 2178 censet,
571 2119 716 2185 magnam
736 2098 793 2163 has
815 2097 923 2163 literas
944 2101 978 2162 in
999 2100 1039 2162 iis
1059 2101 1210 2162 iacturam
1233 2097 1357 2178 iecisse,
1381 2101 1456 2184 quia
1479 2107 1511 2162 et
1524 2103 1609 2163 vitae
1625 2098 1832 2185 philosophia

248 2226 280 2280 et
300 2218 380 2301 r'eip.
400 2216 535 2280 historia
553 2217 710 2301 insignem
732 2235 770 2308 cr
792 2215 832 2276 iis
852 2212 991 2278 fructum
1011 2221 1203 2298 accepturae
1220 2212 1364 2277 luissent
1411 2214 1518 2297 Atque
1534 2214 1583 2278 his
1598 2219 1715 2303 Pomp.
1729 2216 1832 2279 Attici

246 2328 349 2395 libros
374 2329 516 2395 eiusdem
539 2332 664 2416 generis
688 2327 833 2415 adiungit
856 2347 924 2392 non
948 2331 1072 2392 minore
1095 2325 1192 2391 laude
1216 2324 1341 2414 dignos,
1365 2330 1486 2413 quippe
1507 2348 1645 2413 quorum
1667 2339 1789 2406 auctor,
1811 2350 1831 2392 a

247 2447 386 2530 partium
399 2442 507 2507 studio
523 2445 593 2525 ipse
609 2443 742 2519 alienus,
758 2443 940 2524 principum
956 2444 1007 2502 sui
1022 2443 1176 2523 temporis
1188 2441 1352 2505 hominum
1364 2441 1574 2506 familiaritate
1586 2463 1665 2507 usus
1678 2452 1709 2507 et
1721 2463 1831 2526 quem-

246 2561 296 2620 vis
317 2559 469 2639 privatus,
493 2551 697 2638 publicorum
719 2561 825 2616 tamen
845 2553 1048 2650 negotiorum
1067 2554 1289 2637 peritissimus,
1313 2552 1411 2617 multa
1427 2553 1568 2638 denique
1584 2555 1768 2620 eruditione
1783 2559 1831 2622 iu·

247 2677 390 2733 structus
410 2665 516 2731 luerit.
551 2666 657 2742 ,Esset
678 2685 756 2729 sane
777 2662 866 2750 quod
888 2661 1084 2730 doleremus:
1108 2677 1141 2730 at
1163 2665 1204 2732 de
1224 2665 1410 2730 huiusmodi
1430 2665 1558 2732 illorum
1580 2670 1724 2732 virorum
1742 2688 1832 2734 com-

247 2783 410 2849 mentariis
431 2801 567 2867 prorsus
585 2778 674 2844 nulla
690 2800 826 2864 usquam
841 2781 963 2845 mentio
979 2789 1071 2859 extat,
1095 2789 1130 2844 ut
1146 2791 1306 2867 appareat,
1330 2780 1553 2846 Schlosserum
1568 2784 1758 2849 testimoniis
1775 2780 1832 2848 de·
1915 2758 1919 2766 Ι

248 2901 402 2975 stitutum,
421 2917 460 2960 ex
476 2917 536 2962 suo
552 2894 709 2960 arbitratu
724 2902 925 2960 communem
940 2897 1012 2959 aevi
1028 2871 1300 2960 consuetudinem
1309 2894 1351 2959 ad
1367 2916 1424 2961 eos
1441 2917 1574 2982 quoque
1589 2899 1677 2962 viros
1693 2907 1831 2963 transtu-

246 3011 331 3076 lisse.
372 3012 455 3074 Nam
471 3012 570 3073 Attici
585 3009 740 3086 annalem,
757 3030 823 3092 quo
840 3030 997 3072 annorum
1014 3011 1289 3092 septingentorum
1305 3013 1488 3076 memoriam
1506 3031 1573 3076 uno
1589 3009 1831 3078 lihrohreviter

118 3107 135 3189 x.
248 3121 531 3221 complexusrerat,
561 3119 679 3185 diversi
700 3121 825 3208 generis
845 3119 954 3200 luisse,
978 3142 1016 3184 er
1032 3119 1102 3185 Cic.
1118 3121 1251 3187 Brutd.
1281 3121 1433 3218 Oratdd.
1460 3125 1543 3209 Nep.
1560 3127 1686 3190 Attia.
1707 3128 1833 3212 perspi-

249 3259 346 3303 cuum
362 3245 419 3302 est.
450 3237 492 3299 Et
507 3238 611 3321 possit
626 3237 699 3320 quis
714 3255 782 3299 non
796 3237 906 3320 inepte
922 3256 960 3298 ex
975 3237 1127 3300 universo
1143 3237 1240 3301 Attici
1255 3238 1384 3323 ingenio
1401 3239 1561 3303 coniicere
1576 3259 1595 3302 a
1610 3241 1662 3304 sui
1676 3243 1830 3324 temporis

249 3354 401 3428 memoria
417 3348 572 3413 tradenda
590 3370 661 3414 eum
678 3351 803 3414 cautius
818 3347 1021 3414 abstinuisse.
1055 3351 1174 3415 Brutus
1191 3360 1350 3434 quatenus
1365 3349 1406 3416 ad
1421 3353 1505 3417 hanc
1521 3355 1741 3437 quaestionem
1756 3375 1831 3438 per-

248 3446 355 3542 tineat,
378 3463 461 3528 inlra
477 3463 674 3529 ostendetur.
743 3531 745 3536 A

402 3583 453 3642 M.
473 3583 568 3643 Pom.
591 3583 670 3643 Cato
693 3578 858 3644 Uticensis
880 3587 987 3645 utrum
1007 3577 1092 3644 libro
1114 3579 1267 3667 singulari
1287 3601 1328 3645 an
1350 3580 1494 3667 epistolis
1516 3578 1557 3645 ad
1573 3578 1675 3646 filium
1691 3580 1772 3647 datis
1788 3580 1830 3645 de

249 3698 314 3759 vita
335 3715 394 3758 sua
415 3695 609 3781 exposuerit,
629 3695 744 3778 parum
763 3690 875 3778 liquet.
920 3693 1126 3760 Plutarchum
1142 3706 1229 3761 certe
1244 3677 1430 3781 frequenter
1446 3697 1515 3759 eius
1531 3697 1658 3779 scriptis
1674 3716 1768 3758 usum
1783 3697 1831 3758 vi-

250 3807 362 3872 demus
384 3816 415 3874 et
434 3805 519 3874 hene
538 3805 850 3886 animadvertentem,
875 3815 1026 3889 quantam
1047 3829 1125 3893 prae
1145 3830 1181 3873 se
1201 3809 1302 3874 ferret
1315 3808 1400 3874 Cato
1420 3808 1461 3873 de
1476 3811 1669 3893 praestantia
1684 3830 1743 3873 sua
1757 3830 1831 3895 per-

250 3922 506 4006 suasionem(⁴).
1015 3921 1021 3934 '

320 4082 321 4088 1
405 4037 441 4098 C.
458 4033 525 4098 Iul.
544 4039 717 4102 &erarem
731 4057 874 4123 magnam
889 4038 974 4100 vitae
994 4057 1071 4101 suae
1086 4043 1208 4122 partem
1224 4038 1459 4102 commentariis
1471 4033 1523 4120 (⁶)
1539 4033 1683 4102 debello
1700 4035 1828 4103 Gallico

251 4159 282 4215 et
298 4145 442 4214 debello
460 4145 558 4213 Civili
580 4151 706 4234 scriptis
727 4148 906 4234 amplexum
928 4171 1000 4215 esse
1018 4171 1114 4215 nemo
1135 4153 1274 4238 ignorat:
1305 4155 1420 4218 etenim
1441 4149 1514 4216 fieri
1529 4172 1597 4217 non
1611 4152 1726 4236 potuit,
1749 4153 1830 4237 quin

285 4379 328 4453 (¹)
348 4370 487 4455 ulragrn.
511 4379 597 4454 antiq.
618 4379 680 4435 eod.
697 4375 897 4455 Guelpherbyt.
925 4380 964 4436 cl'.
979 4378 1039 4439 Cic.
1061 4380 1096 4436 de
1114 4380 1196 4457 legib.
1211 4389 1237 4448 t,
1253 4388 1278 4436 2.
1373 4381 1414 4451 (²)
1439 4399 1465 4432 r.
1476 4379 1592 4436 Vossius
1610 4379 1630 4436 l.
1642 4379 1662 4436 l.
1679 4389 1762 4450 t,1t.
1790 4382 1825 4439 el

251 4469 315 4525 tarr.
338 4471 372 4525 ae
391 4469 518 4526 numero.
1421 4453 1451 4535 1

287 4564 329 4636 (³)
360 4565 569 4624 Universalhist.
585 4560 681 4623 libers.
695 4572 723 4634 2,
736 4572 763 4622 2.
778 4572 843 4628 559.
928 4568 970 4639 (¹)
996 4565 1034 4624 cl.
1048 4566 1123 4623 Plut.
1139 4570 1187 4625 rit.
1203 4569 1281 4623 Brut.
1295 4579 1323 4622 et
1336 4565 1397 4626 Cat.
1414 4567 1482 4622 min.
1498 4585 1522 4624 c.
1535 4572 1581 4624 20.
1596 4573 1641 4624 21.
1664 4569 1731 4625 ihid.
1746 4566 1825 4631 eid:

251 4653 289 4713 tet
301 4657 347 4708 siis
360 4655 429 4710 ἰδίων
442 4656 564 4730 lyaopa'ov
576 4655 680 4730 ἀφειδὴς
692 4661 733 4715 aul
744 4652 787 4728 τὴν
800 4653 913 4734 desuper
925 4657 1102 4734 perstruxisti
1115 4656 1145 4721 air
1158 4653 1353 4731 ἔπακολοῦθημα
1364 4662 1408 4729 τῆς
1421 4660 1605 4735 μεγαλουργίας
1618 4659 1659 4714 atu
1671 4661 1777 4732 Ιφιηιν.

287 4751 328 4822 (1)
360 4751 403 4806 Ita
421 4753 526 4807 Latims
544 4756 724 4828 scriptoribus
738 4768 883 4823 vocantur,
903 4757 1036 4814 Straboni
1049 4751 1216 4832 ὑπομνήματι,
1236 4753 1341 4814 Graeco
1356 4755 1479 4816 &emis
1491 4757 1636 4832 interpreti
1648 4753 1827 4833 dsopvppenrl-

251 4864 325 4916 ματα,
346 4839 495 4898 Plutarcho
515 4844 682 4915 ldqpapldaef
