4178 5624
1032 340 1079 412 12

938 452 1172 488 mmm

264 614 398 704 quando
420 618 483 680 ianr
505 609 690 700 respublica
712 608 801 676 nrdla
824 618 900 688 mat
929 617 984 674 aut
1005 606 1172 675 doctrinae
1191 607 1403 676 ostentandae
1425 631 1529 692 causa,
1552 622 1607 678 aut
1627 616 1661 679 in
1680 613 1846 682 hominum

263 730 441 818 vulgarium
456 726 686 793 iucunditatem
701 724 777 790 libri
791 725 937 788 historici
951 722 1051 788 scribi
1067 727 1174 811 coepti
1190 728 1289 808 sunt(
1312 729 1336 807 ).

416 841 469 908 Ad
491 845 636 928 ipsorum
665 860 753 906 nunc
780 841 974 924 scriptorum
998 841 1331 905 commemorationem
1363 837 1530 905 accedenti
1554 847 1643 924 mibi,
1677 867 1715 910 ac
1740 849 1845 932 primo

263 958 340 1025 loco
356 979 414 1024 eos
429 957 581 1035 relaturo,
596 957 655 1045 qui
669 952 710 1018 de
727 956 792 1018 suis
811 951 906 1018 rebus
916 954 981 1043 ipsi
992 953 1291 1040 auctoresfuerunt,
1306 976 1410 1039 pauca
1423 955 1599 1041 praefanda
1614 970 1698 1025 sunt.
1735 958 1847 1044 Quae·

262 1076 345 1139 ritur
356 1095 433 1138 num
448 1075 512 1158 ipsi
522 1071 660 1134 Romani
674 1067 760 1132 illam
776 1066 938 1132 scribendi
949 1089 1080 1154 operam
1092 1089 1288 1133 summorum
1299 1070 1462 1134 hominurn
1474 1091 1615 1155 persona
1626 1077 1709 1138 satis·
1719 1072 1845 1162 diguam

262 1186 484 1254 iudicaverint.
522 1185 661 1248 Virtutis
686 1185 771 1246 enim
790 1185 853 1247 uisi
868 1204 952 1267 quae
967 1191 1101 1248 actuosa
1117 1192 1209 1261 esset,
1232 1160 1361 1248 laudeln
1375 1183 1496 1249 nullam
1511 1183 1767 1270 statuebant(²),
1789 1208 1847 1254 ne-

159 1312 165 1317 '
263 1323 329 1390 que
352 1309 456 1366 stante
477 1296 645 1384 republica
671 1299 796 1362 otiosae
818 1300 928 1362 virtuti
950 1298 1107 1362 bonorem
1131 1295 1272 1380 un'quam
1294 1294 1437 1372 habitum
1458 1320 1529 1364 esse
1549 1299 1696 1386 legimus:
1725 1302 1760 1364 in
1783 1300 1864 1386 qua'

263 1425 369 1482 tamen
385 1412 532 1478 Graecos
547 1411 665 1476 multos
681 1414 882 1495 acquievisse
898 1421 1032 1490 constat,
1055 1413 1199 1476 honestis
1215 1414 1330 1475 artium
1347 1421 1377 1476 et
1393 1411 1560 1479 doctrinae
1575 1412 1690 1479 studiis
1709 1412 1865 1491 deditos.x

264 1526 374 1613 Quid?
405 1526 495 1613 quod
519 1529 636 1591 civium
658 1527 879 1590 Romanorum
902 1517 1103 1590 voluntariae
1125 1535 1245 1590 mortes
1269 1526 1461 1606 reseruntur,
1485 1532 1543 1614 qui
1565 1532 1661 1594 vitam
1683 1532 1846 1595 actionum

264 1651 426 1728 expertem
448 1640 534 1706 alere
553 1640 686 1706 nollent.
732 1641 846 1726 ltaque
861 1638 1032 1705 Sallustius
1053 1643 1215 1727 ingenium
1230 1663 1307 1705 vere
1319 1643 1502 1707 Romanum
1524 1647 1634 1729 aperit,
1658 1666 1758 1728 quum
1779 1646 1846 1709 init.

264 1757 360 1824 Catil.
376 1756 470 1821 dicit:
492 1759 539 1835 „is
556 1753 682 1820 demum
702 1755 780 1819 mihi
799 1757 909 1819 vivere
928 1764 1025 1841 atque
1040 1755 1104 1819 frui
1119 1758 1224 1820 anima
1238 1754 1375 1836 ridetur,
1400 1761 1456 1843 qui
1471 1757 1581 1843 aliquo
1596 1760 1728 1842 negotio
1743 1760 1848 1823 inteu-

263 1881 315 1936 tus
337 1870 495 1957 praeclari
514 1870 667 1936 facinoris
688 1878 744 1933 aut
764 1872 841 1933 artis
861 1867 968 1934 borrae
988 1869 1103 1935 famam
1121 1872 1274 1955 quaerit.''
1299 1880 1330 1935 et
1346 1875 1416 1935 c.8:
1439 1871 1585 1957 „populu
1599 1872 1748 1937 Romano
1764 1893 1848 1936 uuu-

263 2008 360 2071 quam
377 2007 416 2050 ea
431 1988 525 2070 copia
541 1983 792 2070 (praeclarorum
808 1986 1022 2068 ingeniorum)
1037 1983 1107 2062 iuit,
1129 1985 1205 2067 quia
1221 1981 1488 2067 prudentissimus
1505 1990 1644 2068 quisque
1659 1988 1847 2069 negotiosus

263 2102 397 2164 maxime
421 2100 514 2164 erat''
552 2099 676 2162 Verum
697 2096 773 2161 licet
793 2094 1041 2182 haudquaquam
1061 2118 1121 2184 par
1142 2096 1244 2183 gloria
1265 2106 1456 2182 sequeretur
1476 2099 1665 2182 scriptorem
1686 2107 1719 2163 et
1735 2106 1848 2163 aueto-

263 2235 330 2279 rem
346 2220 460 2278 'rerum
473 2210 533 2296 (³),
557 2234 595 2276 ac
615 2210 719 2276 solum
740 2210 946 2276 benefacere
962 2210 1159 2297 reipublicae
1175 2210 1344 2297 pulchrum
1358 2211 1539 2288 haberetur,
1564 2221 1666 2276 tamen
1683 2215 1774 2279 etiam
1790 2210 1847 2277 he-

264 2325 416 2394 nedicere
438 2325 525 2393 baud
546 2325 722 2391 absurdum
742 2324 925 2390 videbatur:
951 2326 1033 2390 hanc
1052 2329 1149 2412 igitur
1168 2324 1296 2390 laudem
1317 2329 1345 2389 si
1367 2324 1459 2389 alteri
1480 2328 1594 2389 maiori
1604 2324 1848 2405 adiunxissent,

264 2451 296 2509 et
320 2445 482 2508 communi
502 2441 599 2506 saluti
621 2450 653 2505 et
676 2463 754 2506 suae
775 2441 895 2523 gloriae
919 2444 1038 2522 optime
1061 2461 1096 2502 se
1119 2439 1323 2504 cousuluisse
1344 2438 1589 2504 arbitrabantur.
1636 2438 1761 2505 Plinius
1776 2442 1846 2506 Sec.

262 2540 378 2620 beatos
398 2561 498 2639 putat,
521 2550 641 2636 quibus
663 2549 798 2624 deorum
817 2571 951 2614 munere
971 2549 1079 2614 datum
1101 2553 1142 2614 sit
1163 2561 1218 2614 aut
1240 2551 1346 2616 iacere
1367 2551 1547 2629 scribenda,
1570 2563 1626 2615 aut
1646 2554 1788 2618 scribere
1803 2554 1849 2620 le·

263 2664 376 2755 gendo,
390 2664 592 2752 beatissimos
608 2685 697 2742 vero,
714 2663 832 2749 quibus
848 2674 1030 2750 utrumque.
1068 2666 1154 2728 Hinc
1169 2664 1287 2729 lactum
1302 2674 1359 2744 est,
1380 2668 1464 2729 utin
1480 2664 1571 2729 nullo
1587 2664 1713 2751 populo
1730 2669 1848 2731 utrius-

144 2866 150 2874 .
265 2803 331 2868 que
356 2782 483 2846 virtutis
508 2777 606 2843 laude
631 2778 741 2864 plures
770 2778 933 2857 ssorerent,
961 2801 1056 2864 quam
1082 2781 1116 2843 in
1142 2781 1306 2844 Romanis.
1352 2777 1519 2865 Siquidem
1544 2782 1684 2865 optimus
1708 2783 1849 2867 quisque

264 2918 364 2983 quum
386 2897 497 2982 aetatis
519 2892 623 2959 robur
640 2896 674 2958 in
695 2893 820 2980 agendo
843 2896 1104 2979 consumpsisset,
1126 2896 1361 2959 senescentium
1384 2915 1541 2959 annorum
1562 2896 1631 2959 otio
1647 2893 1688 2958 ad
1704 2898 1848 2961 actiones

264 3021 320 3077 aut
335 3033 410 3077 suas
425 3019 481 3074 aut
496 3007 641 3085 aliorum,
666 3008 785 3091 quibus
800 3008 1006 3083 interfuisset,
1030 3009 1157 3091 scriptis
1173 3005 1368 3071 mandandas
1386 3011 1432 3072 uti
1448 3007 1582 3074 solebat.
1628 3009 1745 3094 Neque
1765 3013 1848 3076 enim

263 3123 337 3188 fieri
360 3142 457 3209 posse
480 3117 644 3206 putabant,
669 3128 712 3199 ut,
736 3122 793 3205 qui
816 3119 917 3184 multo
940 3118 1138 3205 reipublicae
1160 3140 1223 3183 usu
1246 3118 1392 3183 eruditus
1415 3140 1483 3184 non
1505 3133 1598 3199 esset,
1621 3127 1672 3186 sui
1694 3127 1848 3207 temporis

264 3239 450 3305 memoriam
471 3231 699 3301 conscriberet
744 3233 960 3318 Eloquentiae
980 3237 1073 3298 etiam
1093 3237 1128 3298 iu
1150 3232 1411 3299 adolescentibus
1432 3255 1626 3320 magnopere
1646 3234 1795 3301 laudatae
1810 3239 1847 3302 T.

265 3351 395 3430 Cicero,
416 3352 448 3415 J.
470 3348 599 3426 Caesar,
623 3347 681 3413 As.
700 3346 806 3412 Pollio
828 3346 956 3432 aliaque
979 3347 1143 3431 praeclara
1169 3348 1311 3433 exempla
1333 3357 1416 3413 sunt
1462 3349 1506 3412 At
1534 3351 1590 3434 qui
1614 3348 1747 3415 historia
1770 3373 1848 3416 oon-

265 3463 372 3531 deuda
396 3462 584 3529 adolescens
608 3461 797 3547 aequalibus
822 3466 889 3527 suis
911 3460 1069 3548 probatus
1092 3463 1196 3542 suerit,
1224 3466 1405 3529 invenimus
1429 3467 1596 3528 nemiuem.
1643 3466 1730 3529 Huic
1752 3467 1849 3551 igitur

265 3581 397 3666 negotio
421 3576 540 3644 Cicero
564 3586 761 3642 senectutem
784 3599 874 3642 suam
895 3575 1042 3656 destinat,
1071 3599 1170 3662 quum
1191 3599 1209 3641 a
1231 3577 1398 3663 republica
1418 3566 1613 3656 recessisset,
1642 3579 1729 3644 hunc
1750 3577 1847 3644 linem

265 3705 303 3761 ut
323 3693 466 3782 glorioso
486 3694 571 3756 vitae
592 3694 702 3755 cursui
719 3689 816 3755 addat
831 3690 937 3755 Plinio
953 3713 1014 3756 suo
1031 3701 1145 3756 auctor
1161 3703 1209 3757 est
1225 3695 1364 3771 Tacitus,
1387 3696 1458 3777 ipse
1474 3691 1618 3778 exemplo
1634 3714 1696 3757 suo
1713 3691 1848 3759 eandem

267 3808 534 3874 consuetudinem
558 3806 709 3871 referens.
754 3805 849 3890 Reip.
873 3814 979 3868 autem
1001 3807 1167 3875 Romanae
1188 3810 1270 3871 ratio
1295 3829 1394 3890 quum
1420 3828 1457 3870 ea
1480 3816 1573 3885 essct,
1598 3827 1681 3890 quae
1707 3817 1738 3870 et
1758 3810 1847 3891 pacis

268 3931 300 3986 et
320 3920 399 3984 belli
417 3919 605 3986 muneribus
627 3942 666 3985 ex
687 3917 801 3985 ordine
822 3918 992 4006 iungendis
1015 3922 1138 4005 copiam
1160 3922 1278 4004 cuique
1299 3920 1432 3984 ollerret
1451 3923 1566 3984 virium
1589 3919 1847 3999 exercendarum,

267 4034 417 4100 idoneam
438 4055 544 4098 rerum
564 4035 703 4099 civilium
723 4058 761 4099 ac
781 4035 962 4099 militarium
983 4035 1128 4120 peritiam
1145 4054 1255 4100 omues
1270 4033 1364 4098 facile
1380 4033 1656 4114 nanciscebautur,
1679 4039 1722 4099 ita
1739 4039 1848 4120 utqui

267 4127 469 4238 pubhcaruin
488 4151 756 4232 rerumscriptor
777 4148 838 4211 bac
859 4151 993 4212 scientia
1014 4158 1144 4228 careret,
1168 4170 1327 4215 essenon
1349 4170 1448 4236 posse
1466 4147 1638 4214 videretur.
1683 4149 1847 4215 Romanu

267 4287 339 4330 rum
363 4262 625 4350 praestantissimi
650 4261 854 4325 historiarum
878 4263 1054 4347 scriptores
1080 4261 1132 4328 vel
1157 4262 1334 4344 consulari,
1361 4264 1414 4330 vel
1438 4266 1602 4330 senatorio
1629 4282 1762 4328 munere
1789 4265 1846 4330 bo-

306 4539 347 4609 (¹)
376 4560 404 4595 r.
420 4539 581 4617 bernbardy
599 4539 649 4596 l.l.
672 4559 700 4616 p.
712 4544 757 4596 30.
778 4559 838 4615 sqq.
853 4571 881 4583 -
910 4539 954 4596 De
973 4550 1104 4616 corrupta
1122 4539 1251 4598 historiae
1269 4540 1404 4615 dignitate
1422 4547 1458 4597 ct.
1474 4540 1588 4597 Lucien.
1610 4559 1704 4616 quom.
1724 4542 1760 4599 sit
1778 4539 1843 4594 hist.

269 4628 404 4685 conscrib.
425 4637 507 4687 ο.13.
521 4625 567 4687 dl.
582 4627 629 4687 lt.
645 4630 690 4687 63.

307 4735 349 4810 (²)
379 4734 440 4794 Cic.
455 4738 490 4792 de
507 4739 555 4794 oll.
568 4739 633 4803 r.6.
654 4745 682 4808 2,
694 4748 718 4796 1.
750 4740 814 4797 Nat.
830 4739 905 4796 deor.
919 4747 944 4794 1.
956 4734 1002 4795 lt).

306 4843 349 4920 (³)
380 4841 446 4902 salt.
461 4842 524 4903 Cet.
545 4863 569 4901 e.
581 4851 608 4901 3.
