4178 5624
1037 349 1087 423 13

944 461 1179 491 Um

270 629 351 694 nino
372 623 482 691 studio
503 620 641 689 animum
662 627 830 705 tantopere
849 636 987 684 vacuom
1005 623 1184 697 servarunt,
1200 618 1547 707 utintermissaplane
1562 642 1620 690 sua
1635 644 1741 690 rerum
1757 631 1851 692 aesti-
1889 604 1890 608 Ἰ

270 741 412 807 maionc
426 735 612 825 simpliciter
625 734 765 802 referant
780 729 894 819 quida
910 752 1043 819 quoque
1054 740 1124 797 acta
1130 739 1192 796 >aut
1202 735 1386 819 acceperint
1394 742 1452 799 aut
1460 733 1600 801 viderint
1609 738 1686 823 ipsi:
1711 740 1851 822 Tacitus,

273 857 330 941 qui
351 856 569 940 incorruptam
589 847 687 915 fidem
707 846 871 936 pollicitus
891 849 963 914 sine
980 849 1030 912 ira
1050 855 1082 912 et
1101 843 1220 926 studio,
1243 867 1382 932 quorum
1404 869 1517 914 causas
1537 850 1654 937 procul
1668 851 1793 934 babeat,
1816 876 1852 923 sa

272 970 466 1053 scripturum
482 962 667 1053 profitetur,
690 972 796 1030 tamen
817 948 957 1028 ιυὶωιιιὴ
971 963 1099 1027 virtutis
1113 957 1333 1040 admiratione,
1356 959 1435 1026 odio
1450 965 1600 1030 vitiorum
1614 961 1798 1052 flagrantem
1814 969 1852 1034 li-

271 1081 350 1150 bere
365 1084 475 1169 aperit,
491 1078 575 1145 idem
590 1077 752 1144 insucatae
766 1079 908 1144 veritatis
924 1085 1054 1142 exactor
1066 1077 1279 1163 gravissimus.
1296 1112 1337 1128 -
1362 1077 1484 1147 Harum
1500 1081 1659 1145 rationum
1675 1080 1852 1163 diversitas,

273 1217 346 1280 qua,
369 1196 521 1280 quoniam
537 1212 602 1258 una
618 1200 651 1260 et
661 1189 728 1258 ‘sibi
743 1170 895 1259 constans
911 1200 960 1256 cst
970 1190 1112 1257 bumana
1126 1199 1251 1271 natura,
1265 1188 1355 1259 nulh
1371 1210 1513 1277 unquam
1529 1200 1615 1257 aetas
1630 1194 1725 1279 plane
1741 1201 1852 1278 caruit,

272 1319 308 1373 ut
330 1309 467 1394 propius
490 1308 690 1394 inspiciatur,
719 1327 738 1372 e
759 1303 868 1370 multis
892 1302 1051 1388 exemplis,
1075 1323 1214 1389 quorum
1238 1307 1364 1392 copiam
1384 1303 1461 1370 lacit
1480 1307 1661 1391 antiquitas,
1683 1315 1795 1393 paucis
1815 1334 1854 1379 ac

272 1423 450 1488 summatim
470 1441 641 1486 recensere
662 1422 751 1486 iuvat
769 1438 870 1484 unum
890 1415 991 1502 idque
1004 1418 1085 1482 'otis
1099 1414 1233 1482 illustre.
1282 1414 1408 1482 Tiberii
1423 1419 1506 1483 enim
1523 1417 1672 1486 Caesaris
1687 1425 1783 1491 vitam
1799 1429 1853 1489 tri·

271 1533 335 1601 bus
351 1537 552 1622 potissimum
567 1535 789 1599 Romanorum
804 1528 992 1598 auctoribus
1009 1533 1242 1618 cognoscimus,
1257 1528 1397 1606 Velleio,
1412 1531 1535 1609 Tacito,
1551 1531 1709 1600 Suetonio
1721 1537 1782 1619 (³).
1811 1541 1855 1605 Et
1894 1588 1896 1594 .

271 1650 360 1714 bunc
376 1646 506 1734 quidem
521 1656 590 1713 arte
603 1646 700 1735 longe
714 1646 899 1714 inferiorem
914 1666 987 1712 esse
1002 1643 1134 1712 duobus
1148 1643 1282 1732 reliquis
1297 1665 1350 1711 res
1365 1643 1449 1710 adeo
1463 1653 1541 1711 nota
1557 1655 1614 1725 est,
1636 1656 1674 1711 ut
1688 1652 1854 1736 argumen·

272 1766 314 1828 tis
335 1761 549 1849 supersedere
569 1763 701 1848 possim.
744 1763 847 1829 Novit
860 1760 1038 1827 Suetonius
1054 1761 1200 1825 Tacitum
1222 1767 1254 1825 et
1268 1757 1367 1826 multa
1382 1780 1421 1825 ex
1436 1761 1506 1824 eius
1521 1757 1613 1825 libris
1628 1769 1726 1846 atque
1740 1762 1854 1833 iisdem

272 1894 370 1961 saepe
388 1874 497 1942 verbis
515 1878 551 1942 in
570 1893 664 1941 suum
685 1897 779 1943 usum
801 1876 968 1954 convertit,
991 1869 1050 1940 sed
1072 1873 1160 1941 illius
1183 1875 1252 1939 irae
1274 1882 1307 1939 et
1330 1871 1437 1953 studii,
1461 1870 1579 1958 qtribus
1603 1874 1705 1940 Taciti
1728 1880 1853 1945 animus

271 1989 548 2055 vehementissime
569 1999 799 2067 commovetur,
822 2009 957 2085 prorsus
979 2009 1102 2074 expers,
1123 1990 1253 2055 ieiunus
1268 2009 1308 2052 ac
1322 2007 1426 2072 paene
1440 1985 1574 2073 frigidos
1589 1990 1715 2054 veritati
1730 1991 1855 2058 studuit

273 2110 427 2196 quantum
445 2105 566 2188 potuita
590 2100 690 2168 multa
713 2103 842 2168 curiose
864 2100 1001 2189 collegit,
1024 2099 1083 2167 sed
1097 2120 1190 2187 ¹(puae
1211 2109 1334 2167 tantum
1354 2121 1421 2167 non
1443 2100 1579 2179 valeant,
1601 2111 1637 2166 ut
1651 2104 1854 2189 ingeniorum

273 2217 452 2282 constantia
473 2236 511 2282 ex
530 2216 570 2280 iis
592 2216 733 2302 perspici
752 2215 870 2303 possit3
892 2213 1101 2280 nihilominus
1122 2233 1194 2279 cum
1211 2214 1325 2281 Tacito
1346 2213 1544 2280 adversarias
1564 2225 1676 2282 contra
1691 2217 1855 2286 Velleium

272 2337 380 2416 portes
396 2325 528 2394 obtinet.
560 2328 631 2393 llos
646 2337 752 2421 autem
769 2348 836 2413 quo
852 2328 923 2392 iure
935 2347 1026 2394 nunc
1039 2329 1125 2394 inter
1137 2328 1275 2393 vitarum
1291 2330 1464 2414 scriptores
1474 2327 1619 2408 referam,
1635 2332 1663 2394 is
1675 2351 1743 2397 non
1756 2354 1854 2418 quae-

271 2449 330 2518 ret,
353 2443 410 2527 qui
430 2443 539 2528 operis
554 2439 717 2507 Velleiani
738 2450 907 2507 extremam
926 2450 1050 2528 mem
1073 2450 1105 2506 et
1119 2441 1223 2507 Taciti
1243 2440 1406 2507 annalium
1420 2440 1522 2508 libros
1536 2462 1592 2507 sex
1606 2446 1732 2529 priores
1748 2449 1855 2513 consi·

273 2553 440 2621 deraserit.
484 2556 621 2633 Etenim,
644 2553 734 2640 quod
755 2574 853 2639 supra
868 2557 929 2618 iam
946 2556 1042 2640 attigi,
1066 2574 1104 2618 en
1119 2563 1168 2618 est
1182 2554 1298 2619 boream
1313 2553 1471 2619 librorum
1485 2565 1609 2633 natura,
1631 2565 1669 2620 ut
1683 2563 1787 2623 omnis
1804 2582 1855 2624 ce-

272 2680 411 2734 terarum
430 2689 539 2734 rerum
560 2669 821 2734 commemoratio
841 2669 876 2732 in
897 2689 970 2734 eum
989 2665 1097 2733 solum
1111 2665 1210 2733 linem
1225 2669 1371 2732 instituta
1385 2665 1542 2747 videatur,
1564 2677 1601 2732 ut
1615 2672 1717 2755 ipsius
1733 2671 1857 2747 Tiberii

273 2781 325 2847 vel
344 2783 456 2847 merita
476 2779 656 2866 laudesque
671 2779 881 2873 illustrentur,
903 2778 956 2845 vel
970 2781 1091 2866 ingenii
1104 2799 1252 2844 recessus
1268 2783 1465 2865 aperiantur:
1489 2781 1523 2845 in
1540 2801 1604 2866 qua
1619 2801 1655 2846 re
1670 2783 1801 2849 Tacitus
1818 2808 1856 2852 ea

274 2893 449 2975 subtilitate
464 2896 535 2981 egit,
559 2914 642 2980 quae
657 2891 698 2958 ab
716 2901 865 2958 emunata
879 2894 976 2958 animi
990 2892 1232 2979 voluntatisque
1246 2893 1404 2958 humanae
1418 2894 1663 2979 investigatione
1678 2896 1856 2981 proticisci·

273 3019 335 3087 tur,
351 3010 396 3074 ita
411 3017 477 3074 uta
493 3006 656 3095 diligentia
672 3008 864 3093 cognitionis
880 3016 912 3072 et
926 3027 1050 3072 morum
1066 3005 1344 3095 depingendorum
1356 3004 1498 3072 sollertia
1509 3005 1572 3072 illis
1581 3007 1752 3093 plurimum
1763 3033 1856 3098 prae-

139 3093 147 3107 *
273 3120 427 3188 ferendus
443 3125 497 3187 sit:
518 3142 626 3207 neque
640 3131 750 3187 tamen
759 3119 907 3186 Velleius
922 3130 991 3186 arte
1006 3129 1102 3200 caret,
1116 3119 1176 3191 sed
1191 3142 1260 3187 eam
1272 3118 1313 3186 ad
1325 3122 1479 3207 principis
1491 3128 1524 3186 et
1534 3119 1713 3189 aulicorum
1725 3129 1856 3212 gratiam

276 3233 463 3322 captandam
483 3233 653 3301 ambitiose
673 3232 788 3322 dirigit,
810 3231 852 3299 ab
872 3232 929 3299 illa
950 3216 1046 3320 quam
1061 3235 1096 3298 iu
1111 3235 1224 3301 Tacito
1240 3230 1519 3323 animadvertimus
1534 3233 1646 3300 iudicii
1661 3258 1700 3301 ae
1713 3242 1856 3309 veritatis

275 3346 569 3415 sollicitudinetam
584 3347 718 3428 alienus,
742 3357 777 3413 ut
792 3346 845 3413 vel
860 3347 1008 3414 Suetonii
1024 3349 1225 3414 securitatem
1242 3344 1382 3413 excedat.
1420 3345 1486 3412 Sed
1502 3348 1654 3436 singulari
1669 3351 1806 3420 artificio
1822 3359 1856 3422 in

275 3462 375 3528 rebus
395 3461 592 3528 adornandis
615 3471 647 3528 et
658 3470 741 3548 'apte
761 3459 991 3527 connectendis
1006 3482 1087 3528 usus
1103 3469 1160 3540 est,
1184 3483 1221 3527 ea
1237 3463 1387 3526 cautione
1401 3459 1553 3542 adbibita,
1576 3474 1613 3531 ut
1626 3486 1711 3550 quae
1725 3471 1857 3536 rationi-

275 3575 338 3642 bus
358 3577 425 3641 suis
445 3578 551 3642 minus
573 3573 767 3662 expedirent,
791 3596 829 3641 ea
848 3577 1077 3662 supprimerat;
1096 3574 1201 3642 simul
1220 3573 1411 3641 eruditionis
1431 3573 1597 3642 liberalem
1618 3584 1756 3664 speciem
1779 3604 1857 3668 prae
1922 3581 1929 3599 ⁸

276 3710 311 3756 se
331 3689 395 3756 iert
417 3712 489 3756 cram
508 3690 597 3756 illius
618 3689 711 3756 aulae
726 3688 879 3778 dignitate
894 3692 1148 3756 convenientem.
1191 3688 1527 3776 leigituradulatoris
1543 3690 1686 3757 dedecus
1700 3697 1735 3758 in
1750 3715 1786 3760 se
1801 3695 1857 3763 ad·

275 3806 399 3871 mittere
414 3807 575 3883 sustinuit,
601 3803 713 3869 effusis
728 3801 880 3870 laudibus
894 3825 968 3871 sum
983 3787 1185 3892 prosecutus,
1202 3806 1294 3871 cuius
1309 3805 1441 3870 Tacitus
1456 3824 1582 3869 saevam
1597 3797 1857 3889 dominationem,

277 3925 417 3983 atrocem
437 3921 584 3998 animum,
606 3921 806 4006 turpissimas
825 3916 978 3985 libidines
999 3917 1150 3987 ostendit.
1194 3919 1289 3984 Hanc
1308 3916 1553 4002 discrepantiam
1569 3920 1604 3982 in
1620 3917 1742 3985 Tiberii
1757 3922 1856 3991 rebus

278 4041 310 4098 et
325 4029 467 4098 consiliis
482 4051 586 4117 paene
601 4031 750 4099 omnibus
766 4053 899 4100 cernere
913 4032 998 4098 lieet.
1032 4032 1205 4098 Ac'statim
1220 4049 1315 4116 quem
1327 4028 1437 4096 llbodi
1451 4032 1559 4117 specie
1574 4053 1722 4101 secessus
1733 4036 1856 4105 exulem
1917 4030 1930 4063 ’

279 4148 381 4233 egisse
396 4166 434 4211 ex
448 4143 658 4233 plurimorum
673 4149 829 4232 opinione
844 4147 975 4212 Tacitus
989 4154 1098 4212 narrat
1112 4149 1212 4228 (Anu.
1227 4147 1255 4224 1,
1271 4143 1324 4229 la),
1346 4144 1440 4211 aliam
1456 4155 1539 4226 „tam
1553 4149 1712 4214 intimam'’
1728 4170 1856 4217 causam

187 4333 200 4345 α
280 4261 311 4324 ei
330 4257 430 4324 luisse
449 4261 520 4346 ipse
540 4278 670 4347 negans,
694 4280 789 4346 quam
811 4258 902 4347 quod
921 4258 1038 4326 alulia'
1052 4268 1260 4345 sperneretur
1273 4268 1310 4325 ut
1324 4261 1427 4347 impar
1442 4263 1486 4344 (1,
1503 4263 1577 4342 Sd),
1600 4261 1758 4328 Suetonio
1774 4285 1857 4350 quo·

241 4416 252 4435 ,
280 4371 603 4460 queinbonestiores
626 4373 837 4460 profectionis
860 4395 974 4441 causas
997 4358 1181 4460 suspicante
1204 4372 1623 4461 (c.10.tt.13.),oundem
1639 4373 1786 4441 Velleius
1809 4383 1856 4462 (2,

280 4489 349 4570 99.)
365 4506 406 4551 eo
421 4485 507 4553 lacto
521 4489 624 4583 mbae
636 4464 811 4569 abnuam
830 4485 1276 4569 incredibilis,.inenarrabilis
1289 4491 1417 4574 pietatis
1432 4486 1609 4574 exemplum
1625 4486 1767 4556 edidisse
1782 4508 1857 4560 een·

279 4609 337 4682 set,
352 4598 531 4667 scilicetne
545 4599 652 4688 lulgor
665 4624 745 4671 suus
759 4606 932 4672 orientium
946 4605 1110 4682 iuvenum,
1126 4600 1199 4669 Caii
1210 4610 1242 4666 et
1248 4602 1354 4681 Lucii,
1366 4600 1510 4667 obstaret
1518 4604 1632 4669 initiis:
1648 4603 1739 4691 quod
1749 4616 1857 4675 autem

198 4846 209 4853 ·
317 4843 361 4917 (ι)
384 4842 589 4905 -naaac-as
606 4844 767 4904 arrasa
785 4845 918 4912 aeuum
935 4847 971 4906 aa
983 4848 1073 4907 raes
1089 4863 1200 4905 mun
1213 4844 1338 4921 pause
1350 4845 1464 4941 eausa.
1484 4845 1520 4907 cr.
1535 4845 1555 4904 1.
1566 4850 1612 4910 er.
1633 4850 1695 4908 ms.
1715 4849 1792 4916 rsa,
1807 4855 1852 4907 aa.

1520 4956 1575 5019 sa
