4178 5624
876 424 880 429 ,
933 345 955 419 7

825 441 1060 485 nummisma

150 619 361 694 enumeravit,
383 618 501 682 notans
525 616 594 699 qui,
617 634 637 678 a
660 631 728 698 quo
753 619 859 690 ortus,
883 631 967 696 quos
990 611 1132 677 honores
1155 611 1342 699 quibusque
1366 614 1563 702 temporibus
1587 617 1734 700 cepisset.

150 734 226 799 Pari
246 729 345 798 modo
365 727 512 797 Marcelli
532 724 670 805 Claudii,
693 725 931 805 Marcellorum,
955 725 1119 812 Scipionis
1135 723 1283 792 Cornelii
1305 731 1336 793 et
1350 727 1442 793 Fabii
1457 730 1596 808 Maximi,
1619 727 1736 794 Fabio-

150 867 221 913 rum
244 854 277 912 et
297 843 506 910 Aemiliorum
530 861 676 927 quoque;
706 839 826 926 quibus
848 839 942 906 libris
964 840 1045 906 nihil
1066 849 1267 926 potestesse
1287 840 1415 907 dulcius
1436 845 1491 921 iis,
1519 845 1576 928 qui
1598 841 1736 928 aliquam

150 959 356 1048 cupiditatem
371 954 490 1023 habent
504 957 639 1021 notitiae
655 954 815 1051 clarorum
829 956 990 1022 virorum”
1002 954 1063 1039 (¹).
1098 953 1307 1045 Imaginibus
1322 976 1401 1020 vero
1417 965 1534 1021 tantam
1550 956 1736 1043 dignitatem

149 1075 251 1142 luisse
271 1080 404 1150 constat,
427 1079 464 1135 ut
483 1072 547 1135 nisi
569 1072 626 1154 qui
648 1072 848 1155 superiorem
863 1061 1079 1158 magistratum
1094 1071 1245 1157 gessisset
1260 1090 1369 1135 earum
1384 1072 1436 1140 ius
1449 1080 1518 1135 non
1533 1068 1675 1151 haberet,
1698 1093 1736 1135 ac

150 1188 301 1256 nobilitas
324 1185 478 1271 deinceps
500 1182 542 1249 ab
565 1186 701 1271 imagine
724 1183 997 1271 proficisceretur.
1042 1183 1154 1270 Quare
1176 1186 1233 1268 qui
1252 1183 1409 1249 maiorum
1430 1204 1562 1249 suorum
1583 1187 1735 1273 imagines

149 1300 325 1381 habebant,
346 1303 370 1365 ii
390 1298 533 1373 nobiles,
557 1301 615 1384 qui
634 1317 710 1362 suas
731 1307 862 1376 tantum,
884 1301 909 1362 ii
928 1301 1015 1376 novi,
1038 1300 1096 1382 qui
1116 1319 1180 1365 nec
1200 1299 1355 1381 maiorum
1377 1318 1439 1363 nec
1459 1319 1544 1377 suas,
1566 1301 1590 1363 ii
1609 1298 1736 1365 demum
1809 1376 1817 1387 ι

148 1415 308 1504 ignobiles
329 1411 575 1501 appellabantur
590 1409 652 1494 (²).
698 1409 948 1497 Amplificahant
967 1412 1138 1496 imaginum
1156 1408 1259 1488 decus
1276 1409 1382 1500 elogia
1399 1414 1467 1478 aive
1481 1411 1575 1491 tituli,
1598 1414 1619 1477 i.
1636 1432 1662 1477 e.
1678 1415 1736 1478 ho-

41 1604 45 1609 ·
148 1550 266 1597 norum
290 1539 322 1595 et
346 1527 510 1616 praeclare
533 1526 690 1591 laetorum
714 1523 889 1612 subscripti
914 1523 1048 1597 indices.
1092 1524 1129 1589 ln
1153 1525 1193 1588 iis
1218 1523 1449 1610 componendis
1474 1525 1618 1592 eiusdem
1638 1528 1736 1592 Attici

150 1665 283 1730 operam
297 1641 443 1707 ridemus
459 1641 573 1706 inisse:
596 1660 754 1725 „namque
769 1637 926 1719 versibus,
951 1641 1008 1726 qui
1023 1640 1149 1704 honore
1163 1659 1336 1723 rerumque
1351 1648 1510 1724 gestarum
1526 1639 1737 1726 amplitudine

151 1767 278 1823 ceteros
294 1758 432 1823 Romani
452 1755 566 1842 populi
588 1757 833 1842 praestiterunt,¹
848 1756 997 1840 exposuit
1016 1755 1069 1830 ita,
1092 1763 1129 1817 ut
1150 1751 1212 1818 sub
1233 1751 1432 1840 singulorum
1448 1751 1638 1840 imaginibus
1655 1754 1737 1818 lacta

149 1874 417 1957 magistratusque
432 1891 545 1935 eorum
559 1889 626 1935 non
642 1867 778 1952 amplius
794 1869 960 1951 quaternis
976 1868 1124 1951 quinisve
1138 1864 1288 1932 versibus
1303 1866 1527 1954 descripserit’
1540 1866 1601 1952 (³).
1643 1868 1738 1934 Simi-

150 1983 224 2048 liter
242 1985 346 2047 Varro
366 1987 400 2047 in
424 2003 464 2047 eo
483 1980 579 2059 libre,
602 2001 699 2066 quem
718 1980 926 2066 inscripserat
948 1977 1197 2058 „Hebdomades
1219 2002 1277 2047 seu
1297 1980 1339 2046 de
1358 1980 1577 2069 imaginibus''
1600 1981 1737 2048 clarissi-

33 2110 37 2117 “
149 2117 274 2163 mamm
289 2098 432 2162 virorum
452 2093 566 2160 laudes
589 2093 834 2182 collegerat(⁴).
879 2092 945 2159 Sed
964 2093 1124 2160 eiusmodi
1138 2116 1251 2161 versus
1268 2117 1366 2182 quum
1383 2105 1472 2162 tanto
1488 2105 1563 2184 post
1578 2094 1736 2161 adderen-

134 2221 211 2289 tur,
240 2213 366 2296 copiam
387 2209 534 2276 lecerunt
557 2217 763 2295 posterorum
788 2205 955 2293 cupiditati
977 2209 1134 2273 maiorum
1157 2209 1299 2275 honores
1322 2212 1358 2275 in
1377 2213 1480 2276 maius
1503 2209 1734 2288 extollentium

150 2323 238 2390 baud
253 2344 327 2388 raro
337 2326 429 2386 -enim
443 2321 636 2406 deprehensi
651 2330 727 2385 sunt
742 2319 912 2384 adulterati
926 2322 1097 2407 imaginum
1112 2321 1223 2404 tituli(
1245 2329 1270 2404 ).

246 2493 249 2499 .
304 2437 395 2500 llaec
415 2443 520 2499 autem
540 2443 571 2499 et
593 2433 655 2498 alia
678 2430 820 2499 eiusdem
841 2436 967 2521 generis
987 2436 1132 2498 instituta
1152 2455 1193 2499 eo
1214 2433 1397 2521 diligentius
1411 2435 1563 2503 'colebant
1579 2440 1735 2515 homines,

153 2572 220 2637 quo
247 2552 345 2635 mapa
370 2568 437 2613 non
460 2551 550 2614 inani
570 2546 691 2634 gloriae
713 2546 832 2626 studio,
860 2545 919 2613 sed
941 2550 1068 2613 meum
1091 2550 1195 2614 amori
1217 2569 1254 2615 ea
1279 2547 1390 2614 deberi
1414 2548 1477 2616 sibi
1499 2561 1735 2638 persuaserant.

150 2664 315 2750 Quoniam
331 2664 414 2727 enim
429 2661 551 2727 nullius
563 2664 691 2727 virtutis
707 2660 794 2748 apud
809 2662 976 2727 Romanos
990 2661 1063 2727 lans
1078 2672 1153 2741 erat,
1178 2684 1262 2748 quae
1277 2683 1345 2729 non
1360 2662 1403 2739 ad
1417 2665 1646 2753 rempublicam
1662 2685 1736 2752 per·

151 2781 275 2856 flueret,
299 2776 415 2842 lactum
438 2784 495 2854 est,
518 2783 554 2840 ut
574 2775 693 2840 honori
709 2786 740 2839 et
755 2775 876 2861 gloriae
890 2777 1034 2860 proxima
1049 2796 1122 2839 cum
1137 2778 1208 2860 ipsa
1221 2777 1342 2840 virtute
1357 2770 1564 2844 necessitudo
1580 2788 1736 2845 statuere·

152 2900 275 2957 tumet
297 2912 396 2976 quum
418 2891 529 2954 virtuti
549 2908 668 2954 nomen
687 2905 756 2953 neu
778 2896 862 2954 esset
882 2889 981 2975 magis
1002 2890 1169 2976 proprium
1194 2910 1290 2974 quam
1311 2889 1462 2955 honestas
1482 2890 1543 2973 (⁶),
1567 2891 1660 2959 facile
1679 2890 1736 2959 ad·

152 3005 309 3083 ducimur,
332 3013 369 3068 ut
392 2992 580 3069 omncmiis
600 3004 750 3067 virtutem
770 2999 812 3066 ab
831 3002 958 3067 honore
977 3005 1143 3088 repetitam
1164 3001 1264 3067 luisse
1285 3001 1462 3075 credamus.
1507 3006 1657 3091 Namque
1676 3028 1736 3093 per

18 3182 28 3191 ,
151 3118 349 3184 honestatem
372 3116 461 3181 velut
489 3137 549 3202 per
571 3117 636 3181 vim
658 3136 748 3182 suam
771 3115 897 3183 vitalem
922 3137 1181 3201 unamquamque
1203 3119 1353 3182 sirtutem
1373 3120 1482 3204 vigere
1505 3119 1734 3200 existimabant,

152 3242 184 3299 at
205 3229 436 3318 turpitudinem
457 3239 489 3295 et
509 3229 662 3316 flagitium
678 3250 759 3308 esse,
781 3227 938 3316 quicquid
954 3229 1152 3296 honestatem
1169 3227 1389 3297 dedecoraret.
1434 3231 1472 3297 ln
1487 3234 1622 3299 virtutes
1637 3236 1734 3322 igitur

151 3355 207 3418 aut
235 3343 353 3432 flagitia
383 3364 451 3410 non
480 3343 650 3409 referenda
679 3341 849 3430 putabant,
877 3364 968 3430 quae
999 3353 1085 3410 extra
1115 3344 1270 3410 honorem
1301 3348 1407 3432 posits
1438 3357 1553 3411 essent
1603 3349 1735 3414 Tacitus

152 3462 255 3535 etiam,
279 3478 346 3542 quo
366 3461 522 3521 acriorem
543 3461 578 3520 in
597 3459 725 3522 virtutis
745 3460 879 3523 veritate
900 3456 1073 3523 asserenda
1093 3461 1176 3523 inter
1190 3468 1316 3524 veteres
1330 3480 1399 3525 non
1414 3463 1573 3541 novimus,
1594 3460 1636 3528 ad
1651 3462 1735 3530 hanc

150 3575 308 3639 rationem
324 3591 450 3636 omnem
466 3573 500 3634 in
515 3590 556 3635 eo
571 3591 688 3657 genere
702 3569 860 3656 loquendi
875 3593 969 3639 usum
984 3572 1142 3639 formavit.
1179 3573 1289 3659 Atque
1303 3576 1337 3639 in
1353 3577 1483 3641 summis
1497 3578 1628 3654 meritis,
1650 3596 1734 3662 quae

153 3689 226 3772 quis
247 3685 349 3774 gloria
371 3694 402 3750 et
422 3687 612 3751 auctoritate
629 3688 650 3749 i.
667 3706 694 3751 e.
709 3683 787 3751 belli
802 3689 957 3773 pacisque
972 3686 1096 3753 artibus
1111 3686 1152 3754 ad
1168 3691 1290 3774 patriae
1306 3687 1439 3770 salutern
1455 3689 1653 3780 contulisset,
1675 3691 1734 3756 ho·

189 3936 231 4006 (¹)
261 3936 333 4009 Nep.
349 3937 397 3992 rit.
413 3938 475 3993 Att.
494 3944 537 3994 tt.
566 3937 603 3994 cs.
620 3937 743 4014 Madvig.
764 3936 824 3998 cic.
845 3939 879 3995 de
898 3937 948 3996 fin.
969 3959 998 4015 p.
1010 3940 1074 3996 260.

188 4041 230 4115 (¹)
260 4040 403 4098 llichstidt
420 4042 440 4101 l.
452 4044 472 4101 l.
493 4064 522 4121 p.
534 4051 578 4101 20.
609 4046 651 4103 De
674 4047 813 4122 frequenti
836 4047 987 4122 imaginum
1011 4065 1062 4102 usu
1088 4067 1114 4102 r.
1141 4044 1239 4125 Polyb.
1254 4047 1283 4116 6,
1302 4052 1347 4105 53.
1379 4046 1451 4105 Plin.
1478 4048 1514 4105 Ν.
1535 4049 1571 4107 Η.
1594 4056 1641 4117 35,
1660 4055 1685 4105 2.
1703 4055 1729 4106 3.

152 4133 220 4209 ihiq.
241 4132 329 4189 Hard-
350 4133 455 4191 Becker
472 4134 568 4192 Gallus
587 4142 693 4204 1,1³5.
715 4142 744 4203 2,
757 4136 820 4193 286.

189 4239 230 4312 (¹)
262 4241 334 4318 Nep.
355 4240 375 4299 l.
387 4240 408 4299 l.

188 4347 232 4421 (⁶)
262 4348 419 4424 symmach.
440 4369 482 4426 ep.
497 4358 524 4416 l,
539 4350 571 4406 d:
592 4349 658 4420 „llle
676 4370 825 4429 pauperem
838 4351 967 4420 Circium,
986 4353 1035 4410 sed
1053 4353 1185 4410 divitibus
1203 4356 1396 4429 imperantem,
1416 4355 1461 4410 ille
1479 4372 1585 4409 severos
1600 4352 1731 4421 Catones,
1798 4400 1801 4407 .

151 4449 262 4515 gentem
276 4439 397 4509 Fabiam,
416 4441 514 4497 decora
524 4433 686 4523 &pienum
707 4454 851 4519 totumque
869 4443 947 4500 Mum
967 4440 1161 4520 triumphalem
1178 4456 1303 4500 mustum
1318 4464 1399 4519 parca
1414 4444 1494 4499 leude
1507 4444 1731 4519 perstrinxit!-

150 4527 317 4607 Aequslium
335 4531 366 4586 in
384 4528 435 4587 bac
452 4550 483 4587 re
500 4534 611 4590 mnam
629 4533 729 4589 lutum
748 4534 821 4591 ridet
833 4535 968 4593 luvenalis
985 4547 1037 4594 sat.
1050 4541 1076 4592 e.
1096 4552 1143 4592 ees
1160 4534 1311 4608 exagitem,
1331 4535 1379 4608 qui
1398 4533 1494 4591 alienis
1510 4535 1617 4592 meritis
1630 4553 1727 4611 super·

151 4622 257 4679 bieates
276 4618 345 4677 nihil
365 4620 418 4694 ipsi
436 4621 467 4676 in
484 4623 603 4696 patriam
621 4623 775 4684 ornandam
794 4625 947 4699 qonlerant.

188 4729 230 4800 (⁸)
260 4728 296 4784 cl.
314 4729 440 4785 Periron.
461 4725 471 4784 l
491 4727 512 4784 l.
532 4749 561 4805 p.
573 4735 637 4786 311.

189 4834 230 4909 (⁶)
257 4835 317 4898 cic.
338 4836 373 4894 de
390 4836 440 4894 ott.
457 4839 544 4906 isti.
