<?xml version="1.0" encoding="UTF-8"?>
<!DOCTYPE html PUBLIC "-//W3C//DTD XHTML 1.0 Transitional//EN"
    "http://www.w3.org/TR/xhtml1/DTD/xhtml1-transitional.dtd">
<html xmlns="http://www.w3.org/1999/xhtml" xml:lang="en" lang="en">
 <head>
  <title>
</title>
<meta http-equiv="Content-Type" content="text/html;charset=utf-8" />
  <meta name='ocr-system' content='tesseract 3.04.00' />
  <meta name='ocr-capabilities' content='ocr_page ocr_carea ocr_par ocr_line ocrx_word'/>
</head>
<body>
  <div class='ocr_page' id='page_1' title='image "./commentatiodevi00wiesgoog_0025.png"; bbox 0 0 4178 5624; ppageno 0'>
   <div class='ocr_carea' id='block_1_1' title="bbox 1018 321 1064 394">
    <p class='ocr_par' dir='ltr' id='par_1_1' title="bbox 1018 321 1064 394">
     <span class='ocr_line' id='line_1_1' title="bbox 1018 321 1064 394; baseline 0.022 -1"><span class='ocrx_word' id='word_1_1' title='bbox 1018 321 1064 394; x_wconf 88' lang='lat'><strong>18</strong></span> 
     </span>
    </p>
   </div>
   <div class='ocr_carea' id='block_1_2' title="bbox 920 432 1159 469">
    <p class='ocr_par' dir='ltr' id='par_1_2' title="bbox 920 432 1159 469">
     <span class='ocr_line' id='line_1_2' title="bbox 920 432 1159 469; baseline -0.008 -1"><span class='ocrx_word' id='word_1_2' title='bbox 920 432 1159 469; x_wconf 64' lang='lat' dir='ltr'><strong>mm</strong></span> 
     </span>
    </p>
   </div>
   <div class='ocr_carea' id='block_1_3' title="bbox 171 584 1837 1714">
    <p class='ocr_par' dir='ltr' id='par_1_3' title="bbox 171 584 1834 1135">
     <span class='ocr_line' id='line_1_3' title="bbox 302 584 1834 681; baseline 0 -21"><span class='ocrx_word' id='word_1_3' title='bbox 302 672 306 677; x_wconf 16' lang='lat'><strong>⁴</strong></span> <span class='ocrx_word' id='word_1_4' title='bbox 400 595 630 681; x_wconf 75' lang='lat' dir='ltr'><strong>Imperatorem</strong></span> <span class='ocrx_word' id='word_1_5' title='bbox 644 585 855 673; x_wconf 48' lang='lat' dir='ltr'><strong>&amp;eddanum</strong></span> <span class='ocrx_word' id='word_1_6' title='bbox 870 584 913 654; x_wconf 87' lang='lat' dir='ltr'><strong>de</strong></span> <span class='ocrx_word' id='word_1_7' title='bbox 926 589 992 663; x_wconf 80' lang='lat' dir='ltr'><strong>vite</strong></span> <span class='ocrx_word' id='word_1_8' title='bbox 1005 606 1067 663; x_wconf 74' lang='lat' dir='ltr'><strong>sue</strong></span> <span class='ocrx_word' id='word_1_9' title='bbox 1080 589 1251 674; x_wconf 63' lang='lat' dir='ltr'><strong>serium</strong></span> <span class='ocrx_word' id='word_1_10' title='bbox 1263 589 1334 657; x_wconf 69' lang='lat' dir='ltr'><strong>eet.</strong></span> <span class='ocrx_word' id='word_1_11' title='bbox 1349 591 1701 676; x_wconf 53' lang='lat' dir='ltr'><strong>emmaum-s</strong></span> <span class='ocrx_word' id='word_1_12' title='bbox 1714 618 1834 667; x_wconf 67' lang='lat' dir='ltr'><strong>um</strong></span> 
     </span>
     <span class='ocr_line' id='line_1_4' title="bbox 246 699 1834 790; baseline 0.001 -12"><span class='ocrx_word' id='word_1_13' title='bbox 246 719 311 788; x_wconf 88' lang='lat' dir='ltr'><strong>rat;</strong></span> <span class='ocrx_word' id='word_1_14' title='bbox 333 707 419 776; x_wconf 90' lang='lat' dir='ltr'><strong>idem</strong></span> <span class='ocrx_word' id='word_1_15' title='bbox 435 730 463 772; x_wconf 90' lang='lat' dir='ltr'><strong>c.</strong></span> <span class='ocrx_word' id='word_1_16' title='bbox 473 709 522 774; x_wconf 89' lang='lat'><strong>16.</strong></span> <span class='ocrx_word' id='word_1_17' title='bbox 538 701 619 774; x_wconf 86' lang='lat' dir='ltr'><strong>haec</strong></span> <span class='ocrx_word' id='word_1_18' title='bbox 633 701 745 772; x_wconf 80' lang='lat' dir='ltr'><strong>babet:</strong></span> <span class='ocrx_word' id='word_1_19' title='bbox 767 701 891 784; x_wconf 80' lang='lat' dir='ltr'><strong>„lumea</strong></span> <span class='ocrx_word' id='word_1_20' title='bbox 905 700 1042 777; x_wconf 87' lang='lat' dir='ltr'><strong>celebris</strong></span> <span class='ocrx_word' id='word_1_21' title='bbox 1057 699 1241 774; x_wconf 71' lang='lat' dir='ltr'>Hadrianus</span> <span class='ocrx_word' id='word_1_22' title='bbox 1256 712 1321 769; x_wconf 78' lang='lat' dir='ltr'><strong>teus</strong></span> <span class='ocrx_word' id='word_1_23' title='bbox 1335 701 1478 790; x_wconf 82' lang='lat' dir='ltr'><strong>cupidus</strong></span> <span class='ocrx_word' id='word_1_24' title='bbox 1489 704 1560 788; x_wconf 81' lang='lat' dir='ltr'><strong>icit,</strong></span> <span class='ocrx_word' id='word_1_25' title='bbox 1580 717 1622 777; x_wconf 70' lang='lat' dir='ltr'><strong>ut‘</strong></span> <span class='ocrx_word' id='word_1_26' title='bbox 1631 704 1735 777; x_wconf 90' lang='lat' dir='ltr'><strong>libros</strong></span> <span class='ocrx_word' id='word_1_27' title='bbox 1749 710 1834 781; x_wconf 82' lang='lat' dir='ltr'><strong>vitae</strong></span> 
     </span>
     <span class='ocr_line' id='line_1_5' title="bbox 247 799 1834 911; baseline -0.009 -20"><span class='ocrx_word' id='word_1_28' title='bbox 247 846 338 905; x_wconf 90' lang='lat' dir='ltr'><strong>suae,</strong></span> <span class='ocrx_word' id='word_1_29' title='bbox 355 826 499 911; x_wconf 63' lang='lat' dir='ltr'><strong>‚scriptos</strong></span> <span class='ocrx_word' id='word_1_30' title='bbox 515 844 536 889; x_wconf 82' lang='lat' dir='ltr'><strong>a</strong></span> <span class='ocrx_word' id='word_1_31' title='bbox 550 843 594 901; x_wconf 85' lang='lat' dir='ltr'><strong>se,</strong></span> <span class='ocrx_word' id='word_1_32' title='bbox 615 818 739 888; x_wconf 78' lang='lat' dir='ltr'><strong>libertis</strong></span> <span class='ocrx_word' id='word_1_33' title='bbox 758 799 827 885; x_wconf 78' lang='lat' dir='ltr'><strong>iuis</strong></span> <span class='ocrx_word' id='word_1_34' title='bbox 841 818 975 885; x_wconf 88' lang='lat' dir='ltr'><strong>literatis</strong></span> <span class='ocrx_word' id='word_1_35' title='bbox 990 816 1124 899; x_wconf 84' lang='lat' dir='ltr'><strong>dederit,</strong></span> <span class='ocrx_word' id='word_1_36' title='bbox 1146 817 1264 891; x_wconf 84' lang='lat' dir='ltr'><strong>iubens</strong></span> <span class='ocrx_word' id='word_1_37' title='bbox 1279 827 1316 883; x_wconf 91' lang='lat' dir='ltr'><strong>ut</strong></span> <span class='ocrx_word' id='word_1_38' title='bbox 1331 838 1390 889; x_wconf 87' lang='lat' dir='ltr'><strong>eos</strong></span> <span class='ocrx_word' id='word_1_39' title='bbox 1404 821 1473 892; x_wconf 78' lang='lat' dir='ltr'><strong>suis</strong></span> <span class='ocrx_word' id='word_1_40' title='bbox 1486 821 1674 893; x_wconf 81' lang='lat' dir='ltr'><strong>nominibus</strong></span> <span class='ocrx_word' id='word_1_41' title='bbox 1688 821 1834 911; x_wconf 55' lang='lat' dir='ltr'><strong>publica.</strong></span> 
     </span>
     <span class='ocr_line' id='line_1_6' title="bbox 247 931 1833 1024; baseline -0.001 -19"><span class='ocrx_word' id='word_1_42' title='bbox 247 950 332 1007; x_wconf 87' lang='lat' dir='ltr'><strong>rent:</strong></span> <span class='ocrx_word' id='word_1_43' title='bbox 352 959 426 1004; x_wconf 84' lang='lat' dir='ltr'><strong>num</strong></span> <span class='ocrx_word' id='word_1_44' title='bbox 440 935 626 1024; x_wconf 80' lang='lat' dir='ltr'><strong>Phlegontis</strong></span> <span class='ocrx_word' id='word_1_45' title='bbox 642 933 718 1001; x_wconf 88' lang='lat' dir='ltr'>libri</span> <span class='ocrx_word' id='word_1_46' title='bbox 733 931 890 999; x_wconf 85' lang='lat' dir='ltr'><strong>Hadriani</strong></span> <span class='ocrx_word' id='word_1_47' title='bbox 905 954 977 1002; x_wconf 89' lang='lat' dir='ltr'><strong>esse</strong></span> <span class='ocrx_word' id='word_1_48' title='bbox 992 932 1172 1007; x_wconf 86' lang='lat' dir='ltr'><strong>dicuntur.&#39;&#39;</strong></span> <span class='ocrx_word' id='word_1_49' title='bbox 1201 931 1268 1005; x_wconf 83' lang='lat' dir='ltr'><strong>Sed</strong></span> <span class='ocrx_word' id='word_1_50' title='bbox 1283 954 1324 1001; x_wconf 86' lang='lat' dir='ltr'><strong>er</strong></span> <span class='ocrx_word' id='word_1_51' title='bbox 1336 933 1403 1003; x_wconf 84' lang='lat' dir='ltr'><strong>boc¹</strong></span> <span class='ocrx_word' id='word_1_52' title='bbox 1415 932 1492 1002; x_wconf 92' lang='lat' dir='ltr'><strong>loco</strong></span> <span class='ocrx_word' id='word_1_53' title='bbox 1506 944 1582 1022; x_wconf 85' lang='lat' dir='ltr'><strong>epte</strong></span> <span class='ocrx_word' id='word_1_54' title='bbox 1597 940 1759 1020; x_wconf 75' lang='lat' dir='ltr'><strong>coniicias,</strong></span> <span class='ocrx_word' id='word_1_55' title='bbox 1774 959 1833 1010; x_wconf 81' lang='lat' dir='ltr'><strong>eos</strong></span> 
     </span>
     <span class='ocr_line' id='line_1_7' title="bbox 171 1039 1532 1135; baseline -0.01 -15"><span class='ocrx_word' id='word_1_56' title='bbox 171 1077 177 1093; x_wconf 72' lang='grc'>’</span> <span class='ocrx_word' id='word_1_57' title='bbox 249 1054 495 1123; x_wconf 78' lang='lat' dir='ltr'>commentarios</span> <span class='ocrx_word' id='word_1_58' title='bbox 512 1050 641 1119; x_wconf 74' lang='lat' dir='ltr'><strong>Graeco</strong></span> <span class='ocrx_word' id='word_1_59' title='bbox 658 1039 1022 1135; x_wconf 84' lang='lat' dir='ltr'><strong>sermonecompositos</strong></span> <span class='ocrx_word' id='word_1_60' title='bbox 1038 1047 1165 1132; x_wconf 74' lang='lat' dir='ltr'><strong>truse(</strong></span> <span class='ocrx_word' id='word_1_61' title='bbox 1186 1052 1211 1133; x_wconf 87' lang='lat'><strong>).</strong></span> <span class='ocrx_word' id='word_1_62' title='bbox 1525 1100 1532 1107; x_wconf 88' lang='lat'><em>.</em></span> 
     </span>
    </p>

    <p class='ocr_par' dir='ltr' id='par_1_4' title="bbox 247 1162 1837 1598">
     <span class='ocr_line' id='line_1_8' title="bbox 399 1162 1835 1257; baseline 0.003 -25"><span class='ocrx_word' id='word_1_63' title='bbox 399 1167 453 1232; x_wconf 89' lang='lat' dir='ltr'><strong>De</strong></span> <span class='ocrx_word' id='word_1_64' title='bbox 473 1165 611 1256; x_wconf 80' lang='lat' dir='ltr'><strong>Septim.</strong></span> <span class='ocrx_word' id='word_1_65' title='bbox 631 1166 743 1232; x_wconf 77' lang='lat' dir='ltr'><strong>Severi</strong></span> <span class='ocrx_word' id='word_1_66' title='bbox 760 1165 827 1257; x_wconf 77' lang='lat' dir='ltr'><strong>rito</strong></span> <span class='ocrx_word' id='word_1_67' title='bbox 847 1162 888 1237; x_wconf 78' lang='lat' dir='ltr'><strong>sb</strong></span> <span class='ocrx_word' id='word_1_68' title='bbox 909 1166 982 1251; x_wconf 88' lang='lat' dir='ltr'><strong>ipso</strong></span> <span class='ocrx_word' id='word_1_69' title='bbox 1002 1162 1104 1238; x_wconf 86' lang='lat' dir='ltr'><strong>literis</strong></span> <span class='ocrx_word' id='word_1_70' title='bbox 1125 1165 1312 1250; x_wconf 74' lang='lat' dir='ltr'><strong>consignate</strong></span> <span class='ocrx_word' id='word_1_71' title='bbox 1329 1165 1523 1235; x_wconf 74' lang='lat' dir='ltr'><strong>mentionem</strong></span> <span class='ocrx_word' id='word_1_72' title='bbox 1538 1163 1635 1234; x_wconf 86' lang='lat' dir='ltr'><strong>inlert</strong></span> <span class='ocrx_word' id='word_1_73' title='bbox 1650 1166 1722 1235; x_wconf 71' lang='lat' dir='ltr'><strong>bel.</strong></span> <span class='ocrx_word' id='word_1_74' title='bbox 1737 1168 1835 1256; x_wconf 76' lang='lat' dir='ltr'><strong>Sper·</strong></span> 
     </span>
     <span class='ocr_line' id='line_1_9' title="bbox 248 1276 1837 1368; baseline 0.001 -18"><span class='ocrx_word' id='word_1_75' title='bbox 248 1286 355 1351; x_wconf 84' lang='lat' dir='ltr'><strong>tianus</strong></span> <span class='ocrx_word' id='word_1_76' title='bbox 375 1283 430 1346; x_wconf 89' lang='lat' dir='ltr'><strong>vit.</strong></span> <span class='ocrx_word' id='word_1_77' title='bbox 450 1279 560 1346; x_wconf 76' lang='lat' dir='ltr'><strong>never.</strong></span> <span class='ocrx_word' id='word_1_78' title='bbox 583 1300 610 1345; x_wconf 86' lang='lat' dir='ltr'><strong>c.</strong></span> <span class='ocrx_word' id='word_1_79' title='bbox 622 1280 652 1355; x_wconf 72' lang='grc' dir='ltr'><strong>ὀ.</strong></span> <span class='ocrx_word' id='word_1_80' title='bbox 678 1281 733 1344; x_wconf 85' lang='grc'><strong>18;</strong></span> <span class='ocrx_word' id='word_1_81' title='bbox 763 1278 965 1359; x_wconf 74' lang='lat' dir='ltr'><strong>„Doctrinae</strong></span> <span class='ocrx_word' id='word_1_82' title='bbox 985 1281 1082 1348; x_wconf 86' lang='lat' dir='ltr'><strong>nimis</strong></span> <span class='ocrx_word' id='word_1_83' title='bbox 1101 1276 1256 1366; x_wconf 69' lang='lat' dir='ltr'><strong>cupidus,</strong></span> <span class='ocrx_word' id='word_1_84' title='bbox 1278 1277 1440 1350; x_wconf 83' lang='lat' dir='ltr'><strong>latronum</strong></span> <span class='ocrx_word' id='word_1_85' title='bbox 1460 1277 1586 1368; x_wconf 87' lang='lat' dir='ltr'><strong>ubique</strong></span> <span class='ocrx_word' id='word_1_86' title='bbox 1597 1281 1716 1359; x_wconf 59' lang='lat' dir='ltr'><strong>hostie</strong></span> <span class='ocrx_word' id='word_1_87' title='bbox 1738 1285 1837 1352; x_wconf 81' lang='lat' dir='ltr'><strong>sitem</strong></span> 
     </span>
     <span class='ocr_line' id='line_1_10' title="bbox 249 1391 1835 1483; baseline 0 -18"><span class='ocrx_word' id='word_1_88' title='bbox 249 1419 340 1465; x_wconf 88' lang='lat' dir='ltr'><strong>suam</strong></span> <span class='ocrx_word' id='word_1_89' title='bbox 354 1396 509 1483; x_wconf 83' lang='lat' dir='ltr'><strong>privatam</strong></span> <span class='ocrx_word' id='word_1_90' title='bbox 524 1391 752 1481; x_wconf 86' lang='lat' dir='ltr'><strong>publicamque</strong></span> <span class='ocrx_word' id='word_1_91' title='bbox 766 1395 837 1480; x_wconf 88' lang='lat' dir='ltr'><strong>ipse</strong></span> <span class='ocrx_word' id='word_1_92' title='bbox 853 1396 1037 1479; x_wconf 85' lang='lat' dir='ltr'><strong>composuit</strong></span> <span class='ocrx_word' id='word_1_93' title='bbox 1051 1391 1094 1461; x_wconf 90' lang='lat' dir='ltr'><strong>ad</strong></span> <span class='ocrx_word' id='word_1_94' title='bbox 1107 1391 1233 1461; x_wconf 84' lang='lat' dir='ltr'><strong>fidem.”</strong></span> <span class='ocrx_word' id='word_1_95' title='bbox 1273 1392 1342 1463; x_wconf 86' lang='lat' dir='ltr'><strong>Sed</strong></span> <span class='ocrx_word' id='word_1_96' title='bbox 1355 1394 1436 1461; x_wconf 81' lang='lat' dir='ltr'><strong>baec</strong></span> <span class='ocrx_word' id='word_1_97' title='bbox 1449 1392 1532 1463; x_wconf 81' lang='lat' dir='ltr'><strong>fides</strong></span> <span class='ocrx_word' id='word_1_98' title='bbox 1548 1404 1654 1463; x_wconf 87' lang='lat' dir='ltr'><strong>temen</strong></span> <span class='ocrx_word' id='word_1_99' title='bbox 1670 1394 1835 1465; x_wconf 83' lang='lat' dir='ltr'><strong>veteribus</strong></span> 
     </span>
     <span class='ocr_line' id='line_1_11' title="bbox 247 1506 1745 1598; baseline 0.001 -21"><span class='ocrx_word' id='word_1_100' title='bbox 247 1518 398 1598; x_wconf 87' lang='lat' dir='ltr'><strong>suspecta</strong></span> <span class='ocrx_word' id='word_1_101' title='bbox 413 1507 482 1574; x_wconf 79' lang='lat' dir='ltr'><strong>tuit</strong></span> <span class='ocrx_word' id='word_1_102' title='bbox 499 1545 540 1559; x_wconf 91' lang='lat'>-</span> <span class='ocrx_word' id='word_1_103' title='bbox 565 1507 605 1573; x_wconf 88' lang='lat' dir='ltr'><strong>cl.</strong></span> <span class='ocrx_word' id='word_1_104' title='bbox 619 1507 793 1595; x_wconf 82' lang='lat' dir='ltr'><strong>Copitolim</strong></span> <span class='ocrx_word' id='word_1_105' title='bbox 811 1506 907 1576; x_wconf 89' lang='lat' dir='ltr'><strong>Clod.</strong></span> <span class='ocrx_word' id='word_1_106' title='bbox 922 1507 1023 1575; x_wconf 80' lang='lat' dir='ltr'><strong>Albin</strong></span> <span class='ocrx_word' id='word_1_107' title='bbox 1035 1509 1066 1582; x_wconf 83' lang='grc' dir='ltr'><strong>Ί.</strong></span> <span class='ocrx_word' id='word_1_108' title='bbox 1084 1512 1193 1575; x_wconf 63' lang='lat'><strong>10„-</strong></span> <span class='ocrx_word' id='word_1_109' title='bbox 1217 1508 1377 1596; x_wconf 81' lang='lat' dir='ltr'><strong>Spartieu.</strong></span> <span class='ocrx_word' id='word_1_110' title='bbox 1393 1508 1549 1577; x_wconf 81' lang='lat' dir='ltr'><strong>Pescenm</strong></span> <span class='ocrx_word' id='word_1_111' title='bbox 1564 1511 1654 1598; x_wconf 71' lang='lat' dir='ltr'><strong>Nigr.</strong></span> <span class='ocrx_word' id='word_1_112' title='bbox 1669 1509 1698 1591; x_wconf 81' lang='lat' dir='ltr'><strong>l,</strong></span> <span class='ocrx_word' id='word_1_113' title='bbox 1715 1513 1745 1579; x_wconf 83' lang='lat'><strong>5.</strong></span> 
     </span>
    </p>

    <p class='ocr_par' dir='ltr' id='par_1_5' title="bbox 400 1620 1836 1714">
     <span class='ocr_line' id='line_1_12' title="bbox 400 1620 1836 1714; baseline 0.005 -27"><span class='ocrx_word' id='word_1_114' title='bbox 400 1625 469 1688; x_wconf 90' lang='lat' dir='ltr'><strong>llos</strong></span> <span class='ocrx_word' id='word_1_115' title='bbox 491 1624 588 1709; x_wconf 81' lang='lat' dir='ltr'><strong>igitur</strong></span> <span class='ocrx_word' id='word_1_116' title='bbox 609 1644 627 1687; x_wconf 81' lang='lat' dir='ltr'><strong>s</strong></span> <span class='ocrx_word' id='word_1_117' title='bbox 650 1620 863 1709; x_wconf 74' lang='lat' dir='ltr'><strong>scriptoribus</strong></span> <span class='ocrx_word' id='word_1_118' title='bbox 886 1632 1151 1689; x_wconf 82' lang='lat' dir='ltr'><strong>commemoratos</strong></span> <span class='ocrx_word' id='word_1_119' title='bbox 1171 1625 1368 1692; x_wconf 85' lang='lat' dir='ltr'><strong>invenimus:</strong></span> <span class='ocrx_word' id='word_1_120' title='bbox 1391 1633 1425 1693; x_wconf 89' lang='lat' dir='ltr'><strong>at</strong></span> <span class='ocrx_word' id='word_1_121' title='bbox 1442 1623 1546 1693; x_wconf 90' lang='lat' dir='ltr'><strong>multo</strong></span> <span class='ocrx_word' id='word_1_122' title='bbox 1565 1623 1677 1713; x_wconf 89' lang='lat' dir='ltr'><strong>plures</strong></span> <span class='ocrx_word' id='word_1_123' title='bbox 1697 1628 1836 1714; x_wconf 77' lang='lat' dir='ltr'><strong>eripuis</strong></span> 
     </span>
    </p>
   </div>
   <div class='ocr_carea' id='block_1_4' title="bbox 138 1734 1835 1826">
    <p class='ocr_par' dir='ltr' id='par_1_6' title="bbox 138 1734 1835 1826">
     <span class='ocr_line' id='line_1_13' title="bbox 138 1734 1835 1826; baseline 0.001 -22"><span class='ocrx_word' id='word_1_124' title='bbox 138 1738 144 1743; x_wconf 81' lang='grc'><strong><em>’</em></strong></span> <span class='ocrx_word' id='word_1_125' title='bbox 246 1734 499 1826; x_wconf 87' lang='lat' dir='ltr'><strong>Imperatoribus</strong></span> <span class='ocrx_word' id='word_1_126' title='bbox 525 1736 662 1823; x_wconf 85' lang='lat' dir='ltr'><strong>aliisque</strong></span> <span class='ocrx_word' id='word_1_127' title='bbox 688 1741 767 1809; x_wconf 79' lang='lat' dir='ltr'><strong>viris</strong></span> <span class='ocrx_word' id='word_1_128' title='bbox 789 1736 905 1805; x_wconf 88' lang='lat' dir='ltr'><strong>eodem</strong></span> <span class='ocrx_word' id='word_1_129' title='bbox 923 1758 1005 1805; x_wconf 80' lang='lat' dir='ltr'><strong>aero</strong></span> <span class='ocrx_word' id='word_1_130' title='bbox 1025 1735 1193 1805; x_wconf 88' lang='lat' dir='ltr'><strong>nobilibus</strong></span> <span class='ocrx_word' id='word_1_131' title='bbox 1212 1737 1278 1805; x_wconf 89' lang='lat' dir='ltr'><strong>hoe</strong></span> <span class='ocrx_word' id='word_1_132' title='bbox 1297 1747 1443 1807; x_wconf 86' lang='lat' dir='ltr'><strong>veterum</strong></span> <span class='ocrx_word' id='word_1_133' title='bbox 1461 1741 1643 1808; x_wconf 84' lang='lat' dir='ltr'><strong>institutum</strong></span> <span class='ocrx_word' id='word_1_134' title='bbox 1663 1742 1835 1807; x_wconf 71' lang='lat' dir='ltr'><strong>retinuisse</strong></span> 
     </span>
    </p>
   </div>
   <div class='ocr_carea' id='block_1_5' title="bbox 160 1849 1898 4107">
    <p class='ocr_par' dir='ltr' id='par_1_7' title="bbox 160 1849 1898 4107">
     <span class='ocr_line' id='line_1_14' title="bbox 247 1849 1835 1939; baseline 0.003 -21"><span class='ocrx_word' id='word_1_135' title='bbox 247 1852 342 1918; x_wconf 68' lang='lat' dir='ltr'><strong>heile</strong></span> <span class='ocrx_word' id='word_1_136' title='bbox 362 1849 459 1919; x_wconf 88' lang='lat' dir='ltr'><strong>nobis</strong></span> <span class='ocrx_word' id='word_1_137' title='bbox 480 1849 713 1939; x_wconf 84' lang='lat' dir='ltr'><strong>persuademus</strong></span> <span class='ocrx_word' id='word_1_138' title='bbox 730 1849 790 1935; x_wconf 76' lang='lat'><strong>(²);</strong></span> <span class='ocrx_word' id='word_1_139' title='bbox 815 1874 954 1938; x_wconf 81' lang='lat' dir='ltr'><strong>quorum</strong></span> <span class='ocrx_word' id='word_1_140' title='bbox 974 1854 1128 1920; x_wconf 82' lang='lat' dir='ltr'><strong>memorie</strong></span> <span class='ocrx_word' id='word_1_141' title='bbox 1148 1850 1274 1921; x_wconf 64' lang='lat' dir='ltr'><strong>aedit.</strong></span> <span class='ocrx_word' id='word_1_142' title='bbox 1318 1853 1402 1922; x_wconf 88' lang='lat' dir='ltr'><strong>Nam</strong></span> <span class='ocrx_word' id='word_1_143' title='bbox 1418 1854 1542 1936; x_wconf 81' lang='lat' dir='ltr'><strong>Tacito,</strong></span> <span class='ocrx_word' id='word_1_144' title='bbox 1565 1854 1733 1935; x_wconf 84' lang='lat' dir='ltr'><strong>Suetonio,</strong></span> <span class='ocrx_word' id='word_1_145' title='bbox 1755 1853 1835 1934; x_wconf 80' lang='lat' dir='ltr'><strong>eliis,</strong></span> 
     </span>
     <span class='ocr_line' id='line_1_15' title="bbox 247 1964 1371 2052; baseline -0.004 -17"><span class='ocrx_word' id='word_1_146' title='bbox 247 1966 422 2035; x_wconf 89' lang='lat' dir='ltr'><strong>multorum</strong></span> <span class='ocrx_word' id='word_1_147' title='bbox 438 1969 508 2032; x_wconf 87' lang='lat' dir='ltr'><strong>eius</strong></span> <span class='ocrx_word' id='word_1_148' title='bbox 523 1968 649 2052; x_wconf 80' lang='lat' dir='ltr'><strong>generis</strong></span> <span class='ocrx_word' id='word_1_149' title='bbox 664 1965 823 2033; x_wconf 92' lang='lat' dir='ltr'><strong>librorum</strong></span> <span class='ocrx_word' id='word_1_150' title='bbox 839 1968 964 2051; x_wconf 83' lang='lat' dir='ltr'><strong>copiam</strong></span> <span class='ocrx_word' id='word_1_151' title='bbox 979 1965 1081 2031; x_wconf 86' lang='lat' dir='ltr'><strong>fuisse</strong></span> <span class='ocrx_word' id='word_1_152' title='bbox 1095 1964 1299 2036; x_wconf 79' lang='lat' dir='ltr'><strong>mouilestum</strong></span> <span class='ocrx_word' id='word_1_153' title='bbox 1314 1975 1371 2031; x_wconf 90' lang='lat' dir='ltr'><strong>est.</strong></span> 
     </span>
     <span class='ocr_line' id='line_1_16' title="bbox 161 2075 1836 2177; baseline 0.001 -32"><span class='ocrx_word' id='word_1_154' title='bbox 161 2166 166 2177; x_wconf 80' lang='lat'><em>‚</em></span> <span class='ocrx_word' id='word_1_155' title='bbox 401 2081 466 2170; x_wconf 81' lang='lat' dir='ltr'><strong>Qui</strong></span> <span class='ocrx_word' id='word_1_156' title='bbox 482 2077 625 2157; x_wconf 73' lang='lat' dir='ltr'><strong>oliorum</strong></span> <span class='ocrx_word' id='word_1_157' title='bbox 646 2082 736 2146; x_wconf 79' lang='lat' dir='ltr'><strong>vitos</strong></span> <span class='ocrx_word' id='word_1_158' title='bbox 758 2077 851 2144; x_wconf 73' lang='lat' dir='ltr'><strong>libris</strong></span> <span class='ocrx_word' id='word_1_159' title='bbox 873 2075 970 2144; x_wconf 81' lang='lat' dir='ltr'><strong>editis</strong></span> <span class='ocrx_word' id='word_1_160' title='bbox 989 2091 1251 2146; x_wconf 76' lang='lat' dir='ltr'><strong>memoraverunt</strong></span> <span class='ocrx_word' id='word_1_161' title='bbox 1266 2075 1368 2164; x_wconf 73' lang='lat' dir='ltr'><strong>longe</strong></span> <span class='ocrx_word' id='word_1_162' title='bbox 1379 2075 1490 2165; x_wconf 84' lang='lat' dir='ltr'><strong>plures</strong></span> <span class='ocrx_word' id='word_1_163' title='bbox 1505 2088 1598 2146; x_wconf 77' lang='lat' dir='ltr'><strong>sunt:</strong></span> <span class='ocrx_word' id='word_1_164' title='bbox 1619 2078 1679 2146; x_wconf 84' lang='lat' dir='ltr'><strong>sad</strong></span> <span class='ocrx_word' id='word_1_165' title='bbox 1693 2079 1836 2168; x_wconf 73' lang='lat' dir='ltr'><strong>singulo·</strong></span> 
     </span>
     <span class='ocr_line' id='line_1_17' title="bbox 246 2194 1835 2281; baseline -0.001 -18"><span class='ocrx_word' id='word_1_166' title='bbox 246 2219 317 2263; x_wconf 89' lang='lat' dir='ltr'><strong>rum</strong></span> <span class='ocrx_word' id='word_1_167' title='bbox 333 2205 504 2281; x_wconf 84' lang='lat' dir='ltr'><strong>antequam</strong></span> <span class='ocrx_word' id='word_1_168' title='bbox 519 2195 651 2280; x_wconf 76' lang='lat' dir='ltr'><strong>vestigia</strong></span> <span class='ocrx_word' id='word_1_169' title='bbox 666 2213 844 2281; x_wconf 85' lang='lat' dir='ltr'><strong>persequar</strong></span> <span class='ocrx_word' id='word_1_170' title='bbox 859 2200 891 2257; x_wconf 88' lang='lat' dir='ltr'><strong>et</strong></span> <span class='ocrx_word' id='word_1_171' title='bbox 906 2201 1113 2258; x_wconf 83' lang='lat' dir='ltr'><strong>monuments</strong></span> <span class='ocrx_word' id='word_1_172' title='bbox 1127 2211 1320 2272; x_wconf 86' lang='lat' dir='ltr'><strong>enumerem,</strong></span> <span class='ocrx_word' id='word_1_173' title='bbox 1339 2194 1484 2263; x_wconf 84' lang='lat' dir='ltr'><strong>universi</strong></span> <span class='ocrx_word' id='word_1_174' title='bbox 1498 2194 1694 2280; x_wconf 83' lang='lat' dir='ltr'><strong>eius.operis</strong></span> <span class='ocrx_word' id='word_1_175' title='bbox 1708 2208 1835 2262; x_wconf 75' lang='lat' dir='ltr'><strong>ustum</strong></span> 
     </span>
     <span class='ocr_line' id='line_1_18' title="bbox 247 2305 1835 2393; baseline -0.001 -17"><span class='ocrx_word' id='word_1_176' title='bbox 247 2306 480 2389; x_wconf 75' lang='lat' dir='ltr'><strong>describendae</strong></span> <span class='ocrx_word' id='word_1_177' title='bbox 501 2318 585 2376; x_wconf 86' lang='lat' dir='ltr'><strong>sunt</strong></span> <span class='ocrx_word' id='word_1_178' title='bbox 631 2308 714 2374; x_wconf 87' lang='lat' dir='ltr'><strong>Nam</strong></span> <span class='ocrx_word' id='word_1_179' title='bbox 735 2309 795 2373; x_wconf 89' lang='lat' dir='ltr'><strong>etsi</strong></span> <span class='ocrx_word' id='word_1_180' title='bbox 816 2305 976 2374; x_wconf 80' lang='lat' dir='ltr'><strong>clerorum</strong></span> <span class='ocrx_word' id='word_1_181' title='bbox 995 2309 1140 2374; x_wconf 83' lang='lat' dir='ltr'><strong>virorum</strong></span> <span class='ocrx_word' id='word_1_182' title='bbox 1154 2305 1238 2373; x_wconf 82' lang='lat' dir='ltr'><strong>iacto</strong></span> <span class='ocrx_word' id='word_1_183' title='bbox 1252 2326 1426 2392; x_wconf 87' lang='lat' dir='ltr'><strong>moresque</strong></span> <span class='ocrx_word' id='word_1_184' title='bbox 1440 2309 1580 2393; x_wconf 88' lang='lat' dir='ltr'><strong>posteris</strong></span> <span class='ocrx_word' id='word_1_185' title='bbox 1594 2306 1732 2388; x_wconf 72' lang='lat' dir='ltr'><strong>nodus,</strong></span> <span class='ocrx_word' id='word_1_186' title='bbox 1754 2311 1835 2375; x_wconf 84' lang='lat' dir='ltr'><strong>anti-</strong></span> 
     </span>
     <span class='ocr_line' id='line_1_19' title="bbox 246 2419 1835 2512; baseline -0.001 -21"><span class='ocrx_word' id='word_1_187' title='bbox 246 2428 356 2512; x_wconf 84' lang='lat' dir='ltr'><strong>quitus</strong></span> <span class='ocrx_word' id='word_1_188' title='bbox 377 2425 529 2490; x_wconf 79' lang='lat' dir='ltr'><strong>astutum</strong></span> <span class='ocrx_word' id='word_1_189' title='bbox 546 2421 595 2505; x_wconf 83' lang='lat'><strong>(³)</strong></span> <span class='ocrx_word' id='word_1_190' title='bbox 614 2421 740 2490; x_wconf 91' lang='lat' dir='ltr'><strong>nullum</strong></span> <span class='ocrx_word' id='word_1_191' title='bbox 761 2432 888 2508; x_wconf 89' lang='lat' dir='ltr'><strong>tempus</strong></span> <span class='ocrx_word' id='word_1_192' title='bbox 909 2421 1006 2505; x_wconf 90' lang='lat' dir='ltr'><strong>plane</strong></span> <span class='ocrx_word' id='word_1_193' title='bbox 1027 2423 1143 2498; x_wconf 85' lang='lat' dir='ltr'><strong>omisit,</strong></span> <span class='ocrx_word' id='word_1_194' title='bbox 1166 2430 1272 2490; x_wconf 83' lang='lat' dir='ltr'><strong>temen</strong></span> <span class='ocrx_word' id='word_1_195' title='bbox 1295 2429 1487 2488; x_wconf 73' lang='lat' dir='ltr'><strong>commutate</strong></span> <span class='ocrx_word' id='word_1_196' title='bbox 1506 2423 1587 2509; x_wconf 87' lang='lat' dir='ltr'><strong>reip,</strong></span> <span class='ocrx_word' id='word_1_197' title='bbox 1603 2419 1750 2490; x_wconf 90' lang='lat' dir='ltr'><strong>conditio</strong></span> <span class='ocrx_word' id='word_1_198' title='bbox 1764 2425 1835 2490; x_wconf 81' lang='lat' dir='ltr'><strong>eius</strong></span> 
     </span>
     <span class='ocr_line' id='line_1_20' title="bbox 160 2532 1837 2623; baseline -0.001 -19"><span class='ocrx_word' id='word_1_199' title='bbox 160 2608 167 2620; x_wconf 63' lang='grc'>,</span> <span class='ocrx_word' id='word_1_200' title='bbox 248 2558 381 2623; x_wconf 90' lang='lat' dir='ltr'><strong>quoque</strong></span> <span class='ocrx_word' id='word_1_201' title='bbox 403 2538 540 2599; x_wconf 87' lang='lat' dir='ltr'><strong>instituti</strong></span> <span class='ocrx_word' id='word_1_202' title='bbox 562 2532 778 2598; x_wconf 79' lang='lat' dir='ltr'><strong>diversitatem</strong></span> <span class='ocrx_word' id='word_1_203' title='bbox 801 2532 935 2597; x_wconf 77' lang='lat' dir='ltr'><strong>induxit.</strong></span> <span class='ocrx_word' id='word_1_204' title='bbox 982 2532 1074 2598; x_wconf 86' lang='lat' dir='ltr'><strong>Sicut</strong></span> <span class='ocrx_word' id='word_1_205' title='bbox 1095 2535 1228 2600; x_wconf 91' lang='lat' dir='ltr'><strong>omnino</strong></span> <span class='ocrx_word' id='word_1_206' title='bbox 1242 2532 1408 2601; x_wconf 90' lang='lat' dir='ltr'><strong>literarum</strong></span> <span class='ocrx_word' id='word_1_207' title='bbox 1423 2536 1642 2601; x_wconf 83' lang='lat' dir='ltr'><strong>Romanorum</strong></span> <span class='ocrx_word' id='word_1_208' title='bbox 1656 2540 1800 2604; x_wconf 88' lang='lat' dir='ltr'><strong>rationes</strong></span> <span class='ocrx_word' id='word_1_209' title='bbox 1816 2558 1837 2603; x_wconf 89' lang='lat' dir='ltr'><strong>e</strong></span> 
     </span>
     <span class='ocr_line' id='line_1_21' title="bbox 246 2643 1836 2737; baseline 0.001 -22"><span class='ocrx_word' id='word_1_210' title='bbox 246 2653 326 2737; x_wconf 89' lang='lat' dir='ltr'><strong>reip.</strong></span> <span class='ocrx_word' id='word_1_211' title='bbox 338 2649 441 2716; x_wconf 84' lang='lat' dir='ltr'><strong>lorma</strong></span> <span class='ocrx_word' id='word_1_212' title='bbox 457 2656 489 2714; x_wconf 89' lang='lat' dir='ltr'><strong>et</strong></span> <span class='ocrx_word' id='word_1_213' title='bbox 502 2644 629 2712; x_wconf 82' lang='lat' dir='ltr'><strong>vicibus</strong></span> <span class='ocrx_word' id='word_1_214' title='bbox 642 2643 857 2734; x_wconf 78' lang='lat' dir='ltr'><strong>seiungendae</strong></span> <span class='ocrx_word' id='word_1_215' title='bbox 868 2667 937 2712; x_wconf 93' lang='lat' dir='ltr'><strong>non</strong></span> <span class='ocrx_word' id='word_1_216' title='bbox 948 2655 1033 2727; x_wconf 85' lang='lat' dir='ltr'><strong>sunt,</strong></span> <span class='ocrx_word' id='word_1_217' title='bbox 1045 2649 1090 2713; x_wconf 81' lang='lat' dir='ltr'><strong>ite</strong></span> <span class='ocrx_word' id='word_1_218' title='bbox 1102 2649 1238 2714; x_wconf 85' lang='lat' dir='ltr'><strong>vitarum</strong></span> <span class='ocrx_word' id='word_1_219' title='bbox 1250 2649 1520 2734; x_wconf 84' lang='lat' dir='ltr'><strong>conscriptionem</strong></span> <span class='ocrx_word' id='word_1_220' title='bbox 1532 2667 1570 2714; x_wconf 88' lang='lat' dir='ltr'><strong>cs</strong></span> <span class='ocrx_word' id='word_1_221' title='bbox 1581 2645 1713 2714; x_wconf 80' lang='lat' dir='ltr'><strong>libertas</strong></span> <span class='ocrx_word' id='word_1_222' title='bbox 1725 2647 1836 2716; x_wconf 90' lang='lat' dir='ltr'><strong>mode·</strong></span> 
     </span>
     <span class='ocr_line' id='line_1_22' title="bbox 246 2758 1833 2850; baseline -0.001 -19"><span class='ocrx_word' id='word_1_223' title='bbox 246 2774 316 2832; x_wconf 87' lang='lat' dir='ltr'><strong>reta</strong></span> <span class='ocrx_word' id='word_1_224' title='bbox 328 2773 386 2845; x_wconf 87' lang='lat' dir='ltr'><strong>est,</strong></span> <span class='ocrx_word' id='word_1_225' title='bbox 399 2783 483 2850; x_wconf 90' lang='lat' dir='ltr'><strong>quae</strong></span> <span class='ocrx_word' id='word_1_226' title='bbox 494 2760 635 2839; x_wconf 65' lang='lat' dir='ltr'><strong>diaulus</strong></span> <span class='ocrx_word' id='word_1_227' title='bbox 644 2758 843 2847; x_wconf 88' lang='lat' dir='ltr'><strong>temporibus</strong></span> <span class='ocrx_word' id='word_1_228' title='bbox 852 2760 1051 2848; x_wconf 81' lang='lat' dir='ltr'><strong>singulorum</strong></span> <span class='ocrx_word' id='word_1_229' title='bbox 1059 2761 1225 2829; x_wconf 88' lang='lat' dir='ltr'><strong>bominum</strong></span> <span class='ocrx_word' id='word_1_230' title='bbox 1234 2771 1368 2829; x_wconf 82' lang='lat' dir='ltr'><strong>neturus</strong></span> <span class='ocrx_word' id='word_1_231' title='bbox 1377 2770 1409 2828; x_wconf 90' lang='lat' dir='ltr'><strong>at</strong></span> <span class='ocrx_word' id='word_1_232' title='bbox 1417 2760 1575 2829; x_wconf 85' lang='lat' dir='ltr'><strong>voluntati</strong></span> <span class='ocrx_word' id='word_1_233' title='bbox 1583 2760 1833 2830; x_wconf 86' lang='lat' dir='ltr'><strong>concedebatur.</strong></span> 
     </span>
     <span class='ocr_line' id='line_1_23' title="bbox 342 2875 1835 2964; baseline 0.001 -20"><span class='ocrx_word' id='word_1_234' title='bbox 342 2953 344 2956; x_wconf 11' lang='grc' dir='ltr'><em>Α</em></span> <span class='ocrx_word' id='word_1_235' title='bbox 401 2879 539 2944; x_wconf 83' lang='lat' dir='ltr'><strong>Primam</strong></span> <span class='ocrx_word' id='word_1_236' title='bbox 554 2877 708 2944; x_wconf 80' lang='lat' dir='ltr'><strong>historice</strong></span> <span class='ocrx_word' id='word_1_237' title='bbox 722 2876 889 2943; x_wconf 82' lang='lat' dir='ltr'><strong>Romanae</strong></span> <span class='ocrx_word' id='word_1_238' title='bbox 904 2885 1027 2964; x_wconf 85' lang='lat' dir='ltr'><strong>partem</strong></span> <span class='ocrx_word' id='word_1_239' title='bbox 1043 2897 1143 2962; x_wconf 89' lang='lat' dir='ltr'><strong>quum</strong></span> <span class='ocrx_word' id='word_1_240' title='bbox 1156 2875 1384 2946; x_wconf 74' lang='lat' dir='ltr'><strong>Gracchorum</strong></span> <span class='ocrx_word' id='word_1_241' title='bbox 1395 2897 1478 2945; x_wconf 83' lang='lat' dir='ltr'><strong>sevo</strong></span> <span class='ocrx_word' id='word_1_242' title='bbox 1492 2880 1706 2959; x_wconf 82' lang='lat' dir='ltr'><strong>terminemus,</strong></span> <span class='ocrx_word' id='word_1_243' title='bbox 1722 2899 1835 2946; x_wconf 88' lang='lat' dir='ltr'><strong>eorum</strong></span> 
     </span>
     <span class='ocr_line' id='line_1_24' title="bbox 248 2988 1898 3077; baseline -0.001 -17"><span class='ocrx_word' id='word_1_244' title='bbox 248 2992 456 3061; x_wconf 85' lang='lat' dir='ltr'><strong>saeculorum</strong></span> <span class='ocrx_word' id='word_1_245' title='bbox 473 2991 647 3067; x_wconf 86' lang='lat' dir='ltr'><strong>decursum</strong></span> <span class='ocrx_word' id='word_1_246' title='bbox 669 2989 920 3077; x_wconf 86' lang='lat' dir='ltr'><strong>complectimur,</strong></span> <span class='ocrx_word' id='word_1_247' title='bbox 943 2988 1063 3074; x_wconf 90' lang='lat' dir='ltr'><strong>quibus</strong></span> <span class='ocrx_word' id='word_1_248' title='bbox 1083 3010 1169 3075; x_wconf 89' lang='lat' dir='ltr'><strong>resp.</strong></span> <span class='ocrx_word' id='word_1_249' title='bbox 1189 2992 1307 3057; x_wconf 83' lang='lat' dir='ltr'><strong>civium</strong></span> <span class='ocrx_word' id='word_1_250' title='bbox 1328 2989 1521 3060; x_wconf 79' lang='lat' dir='ltr'><strong>tortitudine</strong></span> <span class='ocrx_word' id='word_1_251' title='bbox 1539 2994 1574 3060; x_wconf 86' lang='lat' dir='ltr'><strong>in</strong></span> <span class='ocrx_word' id='word_1_252' title='bbox 1594 2989 1666 3060; x_wconf 87' lang='lat' dir='ltr'><strong>dies</strong></span> <span class='ocrx_word' id='word_1_253' title='bbox 1687 3003 1782 3060; x_wconf 82' lang='lat' dir='ltr'><strong>aucte</strong></span> <span class='ocrx_word' id='word_1_254' title='bbox 1804 3003 1836 3059; x_wconf 90' lang='lat' dir='ltr'><strong>et</strong></span> <span class='ocrx_word' id='word_1_255' title='bbox 1887 2992 1898 2999; x_wconf 82' lang='grc'><strong><em>”</em></strong></span> 
     </span>
     <span class='ocr_line' id='line_1_25' title="bbox 246 3103 1836 3196; baseline 0 -24"><span class='ocrx_word' id='word_1_256' title='bbox 246 3109 361 3195; x_wconf 88' lang='lat' dir='ltr'><strong>patriis</strong></span> <span class='ocrx_word' id='word_1_257' title='bbox 384 3107 538 3170; x_wconf 89' lang='lat' dir='ltr'><strong>institutis</strong></span> <span class='ocrx_word' id='word_1_258' title='bbox 561 3106 722 3189; x_wconf 86' lang='lat' dir='ltr'><strong>sapienter</strong></span> <span class='ocrx_word' id='word_1_259' title='bbox 746 3110 920 3188; x_wconf 85' lang='lat' dir='ltr'><strong>temperata</strong></span> <span class='ocrx_word' id='word_1_260' title='bbox 943 3104 978 3166; x_wconf 90' lang='lat' dir='ltr'><strong>iu</strong></span> <span class='ocrx_word' id='word_1_261' title='bbox 1003 3123 1161 3166; x_wconf 92' lang='lat' dir='ltr'><strong>summum</strong></span> <span class='ocrx_word' id='word_1_262' title='bbox 1183 3105 1352 3190; x_wconf 88' lang='lat' dir='ltr'><strong>potestatis</strong></span> <span class='ocrx_word' id='word_1_263' title='bbox 1375 3103 1535 3191; x_wconf 71' lang='lat' dir='ltr'><strong>insugium</strong></span> <span class='ocrx_word' id='word_1_264' title='bbox 1561 3107 1716 3174; x_wconf 84' lang='lat' dir='ltr'><strong>escendit.</strong></span> <span class='ocrx_word' id='word_1_265' title='bbox 1752 3110 1836 3196; x_wconf 81' lang='lat' dir='ltr'><strong>llos</strong></span> 
     </span>
     <span class='ocr_line' id='line_1_26' title="bbox 249 3213 1835 3306; baseline -0.001 -18"><span class='ocrx_word' id='word_1_266' title='bbox 249 3230 356 3288; x_wconf 85' lang='lat' dir='ltr'><strong>entem</strong></span> <span class='ocrx_word' id='word_1_267' title='bbox 378 3229 524 3306; x_wconf 90' lang='lat' dir='ltr'><strong>tempore</strong></span> <span class='ocrx_word' id='word_1_268' title='bbox 545 3219 614 3284; x_wconf 89' lang='lat' dir='ltr'><strong>sive</strong></span> <span class='ocrx_word' id='word_1_269' title='bbox 633 3214 759 3304; x_wconf 76' lang='lat' dir='ltr'><strong>egendo</strong></span> <span class='ocrx_word' id='word_1_270' title='bbox 775 3217 843 3293; x_wconf 82' lang='lat' dir='ltr'><strong>sive</strong></span> <span class='ocrx_word' id='word_1_271' title='bbox 858 3213 1035 3283; x_wconf 88' lang='lat' dir='ltr'><strong>scribendo</strong></span> <span class='ocrx_word' id='word_1_272' title='bbox 1048 3215 1129 3285; x_wconf 88' lang='lat' dir='ltr'><strong>nibil</strong></span> <span class='ocrx_word' id='word_1_273' title='bbox 1143 3216 1232 3284; x_wconf 82' lang='lat' dir='ltr'><strong>ulirrd</strong></span> <span class='ocrx_word' id='word_1_274' title='bbox 1247 3216 1447 3303; x_wconf 76' lang='lat' dir='ltr'><strong>quaerebant</strong></span> <span class='ocrx_word' id='word_1_275' title='bbox 1462 3221 1557 3298; x_wconf 60' lang='lat' dir='ltr'><strong>dra,</strong></span> <span class='ocrx_word' id='word_1_276' title='bbox 1579 3222 1644 3286; x_wconf 86' lang='lat' dir='ltr'><strong>nisi</strong></span> <span class='ocrx_word' id='word_1_277' title='bbox 1658 3230 1695 3285; x_wconf 91' lang='lat' dir='ltr'><strong>ut</strong></span> <span class='ocrx_word' id='word_1_278' title='bbox 1709 3214 1835 3286; x_wconf 80' lang='lat' dir='ltr'><strong>s&#39;ervntu</strong></span> 
     </span>
     <span class='ocr_line' id='line_1_27' title="bbox 250 3329 1836 3424; baseline 0.001 -24"><span class='ocrx_word' id='word_1_279' title='bbox 250 3339 434 3424; x_wconf 88' lang='lat' dir='ltr'><strong>priscorum</strong></span> <span class='ocrx_word' id='word_1_280' title='bbox 456 3354 581 3398; x_wconf 92' lang='lat' dir='ltr'><strong>morum</strong></span> <span class='ocrx_word' id='word_1_281' title='bbox 595 3333 776 3418; x_wconf 80' lang='lat' dir='ltr'><strong>integritate</strong></span> <span class='ocrx_word' id='word_1_282' title='bbox 786 3351 824 3395; x_wconf 87' lang='lat' dir='ltr'><strong>sc</strong></span> <span class='ocrx_word' id='word_1_283' title='bbox 838 3338 966 3417; x_wconf 83' lang='lat' dir='ltr'><strong>petrum</strong></span> <span class='ocrx_word' id='word_1_284' title='bbox 976 3332 1095 3396; x_wconf 85' lang='lat' dir='ltr'><strong>virtute</strong></span> <span class='ocrx_word' id='word_1_285' title='bbox 1110 3329 1153 3397; x_wconf 84' lang='lat' dir='ltr'><strong>od</strong></span> <span class='ocrx_word' id='word_1_286' title='bbox 1167 3341 1318 3418; x_wconf 86' lang='lat' dir='ltr'><strong>posteros</strong></span> <span class='ocrx_word' id='word_1_287' title='bbox 1332 3343 1510 3421; x_wconf 71' lang='lat' dir='ltr'><strong>propagate</strong></span> <span class='ocrx_word' id='word_1_288' title='bbox 1520 3336 1601 3422; x_wconf 90' lang='lat' dir='ltr'><strong>reip.</strong></span> <span class='ocrx_word' id='word_1_289' title='bbox 1613 3335 1663 3400; x_wconf 89' lang='lat' dir='ltr'><strong>vis</strong></span> <span class='ocrx_word' id='word_1_290' title='bbox 1678 3343 1711 3401; x_wconf 87' lang='lat' dir='ltr'><strong>et</strong></span> <span class='ocrx_word' id='word_1_291' title='bbox 1724 3344 1836 3402; x_wconf 87' lang='lat' dir='ltr'><strong>aucto-</strong></span> 
     </span>
     <span class='ocr_line' id='line_1_28' title="bbox 249 3444 1836 3538; baseline 0.002 -24"><span class='ocrx_word' id='word_1_292' title='bbox 249 3451 328 3514; x_wconf 86' lang='lat' dir='ltr'><strong>ritas</strong></span> <span class='ocrx_word' id='word_1_293' title='bbox 344 3445 543 3513; x_wconf 74' lang='lat' dir='ltr'><strong>stabiliretur</strong></span> <span class='ocrx_word' id='word_1_294' title='bbox 558 3455 590 3512; x_wconf 91' lang='lat' dir='ltr'><strong>et</strong></span> <span class='ocrx_word' id='word_1_295' title='bbox 604 3444 862 3535; x_wconf 76' lang='lat' dir='ltr'><strong>amplificaretur.</strong></span> <span class='ocrx_word' id='word_1_296' title='bbox 906 3446 989 3511; x_wconf 91' lang='lat' dir='ltr'><strong>Tum</strong></span> <span class='ocrx_word' id='word_1_297' title='bbox 1005 3454 1042 3511; x_wconf 92' lang='lat' dir='ltr'><strong>ut</strong></span> <span class='ocrx_word' id='word_1_298' title='bbox 1056 3467 1150 3535; x_wconf 77' lang='lat' dir='ltr'><strong>egere</strong></span> <span class='ocrx_word' id='word_1_299' title='bbox 1165 3456 1342 3515; x_wconf 87' lang='lat' dir='ltr'><strong>memoratu</strong></span> <span class='ocrx_word' id='word_1_300' title='bbox 1357 3445 1453 3536; x_wconf 72' lang='lat' dir='ltr'><strong>digne</strong></span> <span class='ocrx_word' id='word_1_301' title='bbox 1467 3469 1606 3536; x_wconf 87' lang='lat' dir='ltr'><strong>pronum</strong></span> <span class='ocrx_word' id='word_1_302' title='bbox 1622 3453 1787 3538; x_wconf 76' lang='lat' dir='ltr'><strong>magisque</strong></span> <span class='ocrx_word' id='word_1_303' title='bbox 1801 3453 1836 3516; x_wconf 91' lang='lat' dir='ltr'><strong>in</strong></span> 
     </span>
     <span class='ocr_line' id='line_1_29' title="bbox 250 3559 1834 3651; baseline 0.001 -23"><span class='ocrx_word' id='word_1_304' title='bbox 250 3572 362 3650; x_wconf 86' lang='lat' dir='ltr'><strong>aperto</strong></span> <span class='ocrx_word' id='word_1_305' title='bbox 381 3561 433 3645; x_wconf 78' lang='lat'><strong>(⁴)</strong></span> <span class='ocrx_word' id='word_1_306' title='bbox 456 3570 532 3640; x_wconf 82' lang='lat' dir='ltr'><strong>erut,</strong></span> <span class='ocrx_word' id='word_1_307' title='bbox 556 3583 651 3648; x_wconf 83' lang='lat' dir='ltr'><strong>quem</strong></span> <span class='ocrx_word' id='word_1_308' title='bbox 672 3571 747 3648; x_wconf 93' lang='lat' dir='ltr'><strong>post</strong></span> <span class='ocrx_word' id='word_1_309' title='bbox 762 3560 796 3627; x_wconf 91' lang='lat' dir='ltr'><strong>id</strong></span> <span class='ocrx_word' id='word_1_310' title='bbox 811 3571 946 3649; x_wconf 85' lang='lat' dir='ltr'><strong>tempus,</strong></span> <span class='ocrx_word' id='word_1_311' title='bbox 968 3563 1013 3628; x_wconf 81' lang='lat' dir='ltr'><strong>its</strong></span> <span class='ocrx_word' id='word_1_312' title='bbox 1032 3559 1260 3629; x_wconf 89' lang='lat' dir='ltr'><strong>celeberrimus</strong></span> <span class='ocrx_word' id='word_1_313' title='bbox 1276 3567 1418 3651; x_wconf 84' lang='lat' dir='ltr'><strong>quisque</strong></span> <span class='ocrx_word' id='word_1_314' title='bbox 1431 3566 1561 3651; x_wconf 73' lang='lat' dir='ltr'><strong>ingenio</strong></span> <span class='ocrx_word' id='word_1_315' title='bbox 1577 3562 1620 3630; x_wconf 86' lang='lat' dir='ltr'><strong>ad</strong></span> <span class='ocrx_word' id='word_1_316' title='bbox 1633 3563 1834 3651; x_wconf 85' lang='lat' dir='ltr'><strong>prodendam</strong></span> 
     </span>
     <span class='ocr_line' id='line_1_30' title="bbox 250 3675 1834 3766; baseline 0 -24"><span class='ocrx_word' id='word_1_317' title='bbox 250 3680 377 3743; x_wconf 85' lang='lat' dir='ltr'><strong>virtutis</strong></span> <span class='ocrx_word' id='word_1_318' title='bbox 397 3678 581 3743; x_wconf 81' lang='lat' dir='ltr'><strong>memoriam</strong></span> <span class='ocrx_word' id='word_1_319' title='bbox 602 3678 672 3741; x_wconf 91' lang='lat' dir='ltr'><strong>sine</strong></span> <span class='ocrx_word' id='word_1_320' title='bbox 687 3679 786 3764; x_wconf 75' lang='lat' dir='ltr'><strong>gratia</strong></span> <span class='ocrx_word' id='word_1_321' title='bbox 802 3685 858 3742; x_wconf 88' lang='lat' dir='ltr'><strong>aut</strong></span> <span class='ocrx_word' id='word_1_322' title='bbox 873 3675 1055 3757; x_wconf 86' lang='lat' dir='ltr'><strong>ambitione,</strong></span> <span class='ocrx_word' id='word_1_323' title='bbox 1078 3675 1186 3750; x_wconf 91' lang='lat' dir='ltr'><strong>bonae</strong></span> <span class='ocrx_word' id='word_1_324' title='bbox 1201 3688 1325 3746; x_wconf 87' lang='lat' dir='ltr'><strong>tentum</strong></span> <span class='ocrx_word' id='word_1_325' title='bbox 1340 3680 1558 3746; x_wconf 86' lang='lat' dir='ltr'><strong>conscientiae</strong></span> <span class='ocrx_word' id='word_1_326' title='bbox 1573 3681 1678 3766; x_wconf 90' lang='lat' dir='ltr'><strong>pretio</strong></span> <span class='ocrx_word' id='word_1_327' title='bbox 1693 3677 1834 3743; x_wconf 87' lang='lat' dir='ltr'><strong>duceba-</strong></span> 
     </span>
     <span class='ocr_line' id='line_1_31' title="bbox 249 3791 1849 3880; baseline -0.002 -24"><span class='ocrx_word' id='word_1_328' title='bbox 249 3802 311 3857; x_wconf 93' lang='lat' dir='ltr'><strong>tur.</strong></span> <span class='ocrx_word' id='word_1_329' title='bbox 357 3795 467 3880; x_wconf 83' lang='lat' dir='ltr'><strong>Atque</strong></span> <span class='ocrx_word' id='word_1_330' title='bbox 489 3793 690 3880; x_wconf 87' lang='lat' dir='ltr'><strong>optimatium</strong></span> <span class='ocrx_word' id='word_1_331' title='bbox 709 3793 865 3878; x_wconf 89' lang='lat' dir='ltr'><strong>imprimis</strong></span> <span class='ocrx_word' id='word_1_332' title='bbox 879 3813 919 3859; x_wconf 80' lang='lat' dir='ltr'><strong>ea</strong></span> <span class='ocrx_word' id='word_1_333' title='bbox 933 3812 1010 3858; x_wconf 82' lang='lat' dir='ltr'><strong>curs</strong></span> <span class='ocrx_word' id='word_1_334' title='bbox 1024 3791 1094 3872; x_wconf 84' lang='lat' dir='ltr'><strong>suit,</strong></span> <span class='ocrx_word' id='word_1_335' title='bbox 1117 3814 1292 3878; x_wconf 82' lang='lat' dir='ltr'><strong>equorum</strong></span> <span class='ocrx_word' id='word_1_336' title='bbox 1306 3792 1422 3863; x_wconf 88' lang='lat' dir='ltr'><strong>studiis</strong></span> <span class='ocrx_word' id='word_1_337' title='bbox 1438 3813 1550 3861; x_wconf 87' lang='lat' dir='ltr'><strong>omnes</strong></span> <span class='ocrx_word' id='word_1_338' title='bbox 1566 3795 1700 3858; x_wconf 85' lang='lat' dir='ltr'><strong>omnino</strong></span> <span class='ocrx_word' id='word_1_339' title='bbox 1714 3793 1849 3858; x_wconf 55' lang='lat' dir='ltr'><strong>Roma„</strong></span> 
     </span>
     <span class='ocr_line' id='line_1_32' title="bbox 228 3893 1835 3994; baseline 0 -22"><span class='ocrx_word' id='word_1_340' title='bbox 228 3893 235 3901; x_wconf 72' lang='grc'><strong>’</strong></span> <span class='ocrx_word' id='word_1_341' title='bbox 251 3926 369 3972; x_wconf 90' lang='lat' dir='ltr'><strong>norum</strong></span> <span class='ocrx_word' id='word_1_342' title='bbox 384 3906 496 3974; x_wconf 83' lang='lat' dir='ltr'><strong>literae</strong></span> <span class='ocrx_word' id='word_1_343' title='bbox 510 3907 644 3975; x_wconf 90' lang='lat' dir='ltr'><strong>meliore</strong></span> <span class='ocrx_word' id='word_1_344' title='bbox 659 3916 763 3973; x_wconf 80' lang='lat' dir='ltr'><strong>aetate</strong></span> <span class='ocrx_word' id='word_1_345' title='bbox 777 3904 941 3994; x_wconf 82' lang='lat' dir='ltr'><strong>proiectae</strong></span> <span class='ocrx_word' id='word_1_346' title='bbox 956 3915 1046 3971; x_wconf 90' lang='lat' dir='ltr'><strong>sunt:</strong></span> <span class='ocrx_word' id='word_1_347' title='bbox 1069 3908 1127 3991; x_wconf 86' lang='lat' dir='ltr'><strong>qui</strong></span> <span class='ocrx_word' id='word_1_348' title='bbox 1141 3909 1288 3992; x_wconf 85' lang='lat' dir='ltr'><strong>quemvis</strong></span> <span class='ocrx_word' id='word_1_349' title='bbox 1302 3909 1354 3974; x_wconf 89' lang='lat' dir='ltr'><strong>sui</strong></span> <span class='ocrx_word' id='word_1_350' title='bbox 1364 3909 1538 3994; x_wconf 80' lang='lat' dir='ltr'><strong>praecipue</strong></span> <span class='ocrx_word' id='word_1_351' title='bbox 1548 3904 1835 3994; x_wconf 33' lang='lat' dir='ltr'><strong>generis‘nobilits·</strong></span> 
     </span>
     <span class='ocr_line' id='line_1_33' title="bbox 250 4018 1833 4107; baseline 0 -21"><span class='ocrx_word' id='word_1_352' title='bbox 250 4030 315 4086; x_wconf 85' lang='lat' dir='ltr'><strong>tem</strong></span> <span class='ocrx_word' id='word_1_353' title='bbox 329 4020 487 4085; x_wconf 88' lang='lat' dir='ltr'><strong>eiusmodi</strong></span> <span class='ocrx_word' id='word_1_354' title='bbox 501 4025 717 4089; x_wconf 89' lang='lat' dir='ltr'><strong>monumentis</strong></span> <span class='ocrx_word' id='word_1_355' title='bbox 734 4024 817 4088; x_wconf 91' lang='lat' dir='ltr'><strong>tueri</strong></span> <span class='ocrx_word' id='word_1_356' title='bbox 828 4020 956 4102; x_wconf 88' lang='lat' dir='ltr'><strong>vellent,</strong></span> <span class='ocrx_word' id='word_1_357' title='bbox 972 4030 1077 4087; x_wconf 85' lang='lat' dir='ltr'><strong>tamen</strong></span> <span class='ocrx_word' id='word_1_358' title='bbox 1093 4022 1126 4086; x_wconf 93' lang='lat' dir='ltr'><strong>in</strong></span> <span class='ocrx_word' id='word_1_359' title='bbox 1143 4041 1183 4087; x_wconf 89' lang='lat' dir='ltr'><strong>eo</strong></span> <span class='ocrx_word' id='word_1_360' title='bbox 1194 4018 1345 4107; x_wconf 90' lang='lat' dir='ltr'><strong>publicae</strong></span> <span class='ocrx_word' id='word_1_361' title='bbox 1357 4023 1493 4087; x_wconf 86' lang='lat' dir='ltr'><strong>civitatis</strong></span> <span class='ocrx_word' id='word_1_362' title='bbox 1505 4020 1679 4089; x_wconf 71' lang='lat' dir='ltr'><strong>edutinon</strong></span> <span class='ocrx_word' id='word_1_363' title='bbox 1691 4019 1833 4087; x_wconf 86' lang='lat' dir='ltr'><strong>deerant</strong></span> 
     </span>
    </p>
   </div>
   <div class='ocr_carea' id='block_1_6' title="bbox 252 4264 1834 4907">
    <p class='ocr_par' dir='ltr' id='par_1_8' title="bbox 289 4264 1704 4349">
     <span class='ocr_line' id='line_1_34' title="bbox 289 4264 1704 4349; baseline -0.003 -23"><span class='ocrx_word' id='word_1_364' title='bbox 289 4273 331 4345; x_wconf 83' lang='lat'><strong>(¹)</strong></span> <span class='ocrx_word' id='word_1_365' title='bbox 363 4266 575 4344; x_wconf 68' lang='lat' dir='ltr'><strong>steenhuey</strong></span> <span class='ocrx_word' id='word_1_366' title='bbox 594 4264 926 4335; x_wconf 64' lang='lat' dir='ltr'><strong>Griecb.lriter.t,412.</strong></span> <span class='ocrx_word' id='word_1_367' title='bbox 1038 4269 1080 4344; x_wconf 84' lang='lat'><strong>(²)</strong></span> <span class='ocrx_word' id='word_1_368' title='bbox 1110 4270 1147 4330; x_wconf 81' lang='lat' dir='ltr'><strong>el.</strong></span> <span class='ocrx_word' id='word_1_369' title='bbox 1164 4271 1267 4330; x_wconf 79' lang='lat' dir='ltr'><strong>Felster</strong></span> <span class='ocrx_word' id='word_1_370' title='bbox 1280 4271 1406 4349; x_wconf 83' lang='lat' dir='ltr'><strong>Quaestt.</strong></span> <span class='ocrx_word' id='word_1_371' title='bbox 1423 4274 1502 4330; x_wconf 77' lang='lat' dir='ltr'><strong>lloru⁸</strong></span> <span class='ocrx_word' id='word_1_372' title='bbox 1518 4290 1546 4347; x_wconf 92' lang='lat' dir='ltr'><strong>p.</strong></span> <span class='ocrx_word' id='word_1_373' title='bbox 1558 4273 1622 4332; x_wconf 76' lang='lat'>292.</span> <span class='ocrx_word' id='word_1_374' title='bbox 1642 4287 1704 4344; x_wconf 78' lang='lat' dir='ltr'><strong>sqq.</strong></span> 
     </span>
    </p>

    <p class='ocr_par' dir='ltr' id='par_1_9' title="bbox 252 4376 1834 4907">
     <span class='ocr_line' id='line_1_35' title="bbox 289 4376 1834 4455; baseline -0.001 -21"><span class='ocrx_word' id='word_1_375' title='bbox 289 4377 331 4451; x_wconf 81' lang='lat'><strong>(³)</strong></span> <span class='ocrx_word' id='word_1_376' title='bbox 363 4379 429 4435; x_wconf 83' lang='lat' dir='ltr'><strong>Tse.</strong></span> <span class='ocrx_word' id='word_1_377' title='bbox 451 4380 559 4454; x_wconf 57' lang='grc' dir='ltr'><strong>ΑΒΜ.</strong></span> <span class='ocrx_word' id='word_1_378' title='bbox 672 4376 715 4450; x_wconf 72' lang='grc'><strong>(“)</strong></span> <span class='ocrx_word' id='word_1_379' title='bbox 746 4388 812 4434; x_wconf 88' lang='lat' dir='ltr'><strong>sunt</strong></span> <span class='ocrx_word' id='word_1_380' title='bbox 830 4377 920 4432; x_wconf 83' lang='lat' dir='ltr'><strong>Taciti</strong></span> <span class='ocrx_word' id='word_1_381' title='bbox 938 4378 1021 4433; x_wconf 83' lang='lat' dir='ltr'><strong>verba</strong></span> <span class='ocrx_word' id='word_1_382' title='bbox 1039 4380 1147 4455; x_wconf 61' lang='lat' dir='ltr'><strong>Aget,</strong></span> <span class='ocrx_word' id='word_1_383' title='bbox 1166 4379 1231 4437; x_wconf 89' lang='lat' dir='ltr'><strong>hnic</strong></span> <span class='ocrx_word' id='word_1_384' title='bbox 1248 4391 1276 4435; x_wconf 86' lang='lat' dir='ltr'><strong>et</strong></span> <span class='ocrx_word' id='word_1_385' title='bbox 1294 4382 1418 4455; x_wconf 84' lang='lat' dir='ltr'><strong>proxime</strong></span> <span class='ocrx_word' id='word_1_386' title='bbox 1430 4377 1587 4453; x_wconf 75' lang='lat' dir='ltr'><strong>insequenti</strong></span> <span class='ocrx_word' id='word_1_387' title='bbox 1600 4378 1718 4453; x_wconf 83' lang='lat' dir='ltr'><strong>tempori</strong></span> <span class='ocrx_word' id='word_1_388' title='bbox 1729 4378 1834 4454; x_wconf 83' lang='lat' dir='ltr'><strong>optime</strong></span> 
     </span>
     <span class='ocr_line' id='line_1_36' title="bbox 252 4452 1830 4547; baseline -0.003 -22"><span class='ocrx_word' id='word_1_389' title='bbox 252 4469 453 4526; x_wconf 78' lang='lat' dir='ltr'><strong>convenientis.</strong></span> <span class='ocrx_word' id='word_1_390' title='bbox 487 4469 593 4527; x_wconf 85' lang='lat' dir='ltr'><strong>Vocem</strong></span> <span class='ocrx_word' id='word_1_391' title='bbox 613 4469 643 4523; x_wconf 81' lang='lat' dir='ltr'><strong>r‘n</strong></span> <span class='ocrx_word' id='word_1_392' title='bbox 661 4478 764 4542; x_wconf 76' lang='lat' dir='ltr'><strong>operto</strong></span> <span class='ocrx_word' id='word_1_393' title='bbox 779 4466 922 4525; x_wconf 87' lang='lat' dir='ltr'><strong>Walcbius</strong></span> <span class='ocrx_word' id='word_1_394' title='bbox 941 4487 1086 4545; x_wconf 86' lang='lat' dir='ltr'><strong>perperam</strong></span> <span class='ocrx_word' id='word_1_395' title='bbox 1104 4469 1139 4525; x_wconf 89' lang='lat' dir='ltr'><strong>de</strong></span> <span class='ocrx_word' id='word_1_396' title='bbox 1157 4488 1248 4525; x_wconf 77' lang='lat' dir='ltr'><strong>rerum</strong></span> <span class='ocrx_word' id='word_1_397' title='bbox 1263 4481 1400 4547; x_wconf 77' lang='lat' dir='ltr'><strong>gestarum</strong></span> <span class='ocrx_word' id='word_1_398' title='bbox 1414 4452 1491 4533; x_wconf 52' lang='lat' dir='ltr'><strong>suph</strong></span> <span class='ocrx_word' id='word_1_399' title='bbox 1499 4466 1706 4544; x_wconf 77' lang='lat' dir='ltr'><strong>intelligendum</strong></span> <span class='ocrx_word' id='word_1_400' title='bbox 1724 4478 1830 4525; x_wconf 86' lang='lat' dir='ltr'><strong>censet:</strong></span> 
     </span>
     <span class='ocr_line' id='line_1_37' title="bbox 252 4555 1833 4637; baseline -0.002 -21"><span class='ocrx_word' id='word_1_401' title='bbox 252 4559 309 4616; x_wconf 87' lang='lat' dir='ltr'><strong>imo</strong></span> <span class='ocrx_word' id='word_1_402' title='bbox 328 4561 399 4614; x_wconf 86' lang='lat' dir='ltr'><strong>sicut</strong></span> <span class='ocrx_word' id='word_1_403' title='bbox 418 4579 442 4616; x_wconf 89' lang='lat' dir='ltr'><strong>c.</strong></span> <span class='ocrx_word' id='word_1_404' title='bbox 454 4565 499 4616; x_wconf 80' lang='grc'><strong>33.</strong></span> <span class='ocrx_word' id='word_1_405' title='bbox 520 4560 608 4617; x_wconf 79' lang='lat' dir='ltr'><strong>virtus</strong></span> <span class='ocrx_word' id='word_1_406' title='bbox 626 4559 657 4616; x_wconf 89' lang='lat' dir='ltr'><strong>in</strong></span> <span class='ocrx_word' id='word_1_407' title='bbox 675 4570 771 4637; x_wconf 83' lang='lat' dir='ltr'><strong>operto</strong></span> <span class='ocrx_word' id='word_1_408' title='bbox 790 4571 842 4628; x_wconf 86' lang='lat' dir='ltr'><strong>est,</strong></span> <span class='ocrx_word' id='word_1_409' title='bbox 862 4560 940 4616; x_wconf 88' lang='lat' dir='ltr'><strong>cuius</strong></span> <span class='ocrx_word' id='word_1_410' title='bbox 959 4559 1117 4634; x_wconf 81' lang='lat' dir='ltr'><strong>probandae</strong></span> <span class='ocrx_word' id='word_1_411' title='bbox 1134 4557 1211 4616; x_wconf 88' lang='lat' dir='ltr'><strong>locus</strong></span> <span class='ocrx_word' id='word_1_412' title='bbox 1229 4578 1287 4616; x_wconf 88' lang='lat' dir='ltr'><strong>non</strong></span> <span class='ocrx_word' id='word_1_413' title='bbox 1306 4561 1360 4615; x_wconf 83' lang='lat' dir='ltr'><strong>iarn</strong></span> <span class='ocrx_word' id='word_1_414' title='bbox 1380 4556 1588 4616; x_wconf 76' lang='lat' dir='ltr'><strong>difficultatibus</strong></span> <span class='ocrx_word' id='word_1_415' title='bbox 1605 4558 1766 4636; x_wconf 84' lang='lat' dir='ltr'><strong>impeditur,</strong></span> <span class='ocrx_word' id='word_1_416' title='bbox 1784 4555 1833 4613; x_wconf 83' lang='lat' dir='ltr'><strong>scd</strong></span> 
     </span>
     <span class='ocr_line' id='line_1_38' title="bbox 252 4643 1833 4728; baseline -0.003 -21"><span class='ocrx_word' id='word_1_417' title='bbox 252 4649 288 4707; x_wconf 79' lang='lat' dir='ltr'><strong>ed</strong></span> <span class='ocrx_word' id='word_1_418' title='bbox 312 4649 448 4724; x_wconf 78' lang='lat' dir='ltr'><strong>egendum</strong></span> <span class='ocrx_word' id='word_1_419' title='bbox 469 4662 556 4726; x_wconf 84' lang='lat' dir='ltr'><strong>patet,</strong></span> <span class='ocrx_word' id='word_1_420' title='bbox 582 4652 621 4707; x_wconf 81' lang='lat' dir='ltr'><strong>its</strong></span> <span class='ocrx_word' id='word_1_421' title='bbox 639 4670 665 4708; x_wconf 88' lang='lat' dir='ltr'><strong>c.</strong></span> <span class='ocrx_word' id='word_1_422' title='bbox 677 4658 704 4707; x_wconf 87' lang='lat' dir='ltr'><strong>l.</strong></span> <span class='ocrx_word' id='word_1_423' title='bbox 726 4663 883 4728; x_wconf 86' lang='lat' dir='ltr'><strong>temporum</strong></span> <span class='ocrx_word' id='word_1_424' title='bbox 901 4649 1016 4707; x_wconf 74' lang='lat' dir='ltr'><strong>feliciter</strong></span> <span class='ocrx_word' id='word_1_425' title='bbox 1034 4648 1217 4728; x_wconf 77' lang='lat' dir='ltr'><strong>significetur,</strong></span> <span class='ocrx_word' id='word_1_426' title='bbox 1237 4668 1291 4724; x_wconf 82' lang='lat' dir='ltr'><strong>que</strong></span> <span class='ocrx_word' id='word_1_427' title='bbox 1311 4651 1451 4725; x_wconf 83' lang='lat' dir='ltr'><strong>prioribus</strong></span> <span class='ocrx_word' id='word_1_428' title='bbox 1468 4649 1572 4708; x_wconf 76' lang='lat' dir='ltr'><strong>invidie</strong></span> <span class='ocrx_word' id='word_1_429' title='bbox 1590 4648 1699 4725; x_wconf 77' lang='lat' dir='ltr'><strong>elinque</strong></span> <span class='ocrx_word' id='word_1_430' title='bbox 1715 4643 1833 4722; x_wconf 84' lang='lat' dir='ltr'><strong>impedi·</strong></span> 
     </span>
     <span class='ocr_line' id='line_1_39' title="bbox 252 4736 1834 4819; baseline -0.001 -22"><span class='ocrx_word' id='word_1_431' title='bbox 252 4749 348 4797; x_wconf 79' lang='lat' dir='ltr'><strong>mente</strong></span> <span class='ocrx_word' id='word_1_432' title='bbox 365 4736 444 4793; x_wconf 76' lang='lat' dir='ltr'><strong>facile</strong></span> <span class='ocrx_word' id='word_1_433' title='bbox 463 4739 642 4810; x_wconf 78' lang='lat' dir='ltr'><strong>tollebantur,</strong></span> <span class='ocrx_word' id='word_1_434' title='bbox 662 4761 750 4818; x_wconf 87' lang='lat' dir='ltr'><strong>quum</strong></span> <span class='ocrx_word' id='word_1_435' title='bbox 768 4755 796 4800; x_wconf 85' lang='lat' dir='ltr'><strong>et</strong></span> <span class='ocrx_word' id='word_1_436' title='bbox 814 4743 868 4818; x_wconf 83' lang='lat' dir='ltr'><strong>ipsi</strong></span> <span class='ocrx_word' id='word_1_437' title='bbox 886 4743 969 4817; x_wconf 82' lang='lat' dir='ltr'><strong>proni</strong></span> <span class='ocrx_word' id='word_1_438' title='bbox 986 4752 1078 4799; x_wconf 64' lang='lat' dir='ltr'><strong>urent</strong></span> <span class='ocrx_word' id='word_1_439' title='bbox 1094 4741 1136 4798; x_wconf 79' lang='lat' dir='ltr'><strong>ed·</strong></span> <span class='ocrx_word' id='word_1_440' title='bbox 1147 4741 1256 4819; x_wconf 72' lang='lat' dir='ltr'><strong>epreg&#39;re</strong></span> <span class='ocrx_word' id='word_1_441' title='bbox 1274 4738 1399 4816; x_wconf 76' lang='lat' dir='ltr'><strong>exemplu</strong></span> <span class='ocrx_word' id='word_1_442' title='bbox 1414 4740 1531 4798; x_wconf 67' lang='lat' dir='ltr'><strong>ellade.</strong></span> <span class='ocrx_word' id='word_1_443' title='bbox 1568 4739 1694 4799; x_wconf 84' lang='lat' dir='ltr'><strong>Postulet</strong></span> <span class='ocrx_word' id='word_1_444' title='bbox 1705 4737 1777 4796; x_wconf 80' lang='lat' dir='ltr'><strong>benc</strong></span> <span class='ocrx_word' id='word_1_445' title='bbox 1789 4739 1834 4796; x_wconf 86' lang='lat' dir='ltr'><strong>iu·</strong></span> 
     </span>
     <span class='ocr_line' id='line_1_40' title="bbox 252 4827 858 4907; baseline 0.01 -23"><span class='ocrx_word' id='word_1_446' title='bbox 252 4828 479 4907; x_wconf 68' lang='lat' dir='ltr'><strong>terpretationern</strong></span> <span class='ocrx_word' id='word_1_447' title='bbox 498 4830 623 4886; x_wconf 80' lang='lat' dir='ltr'><strong>universa</strong></span> <span class='ocrx_word' id='word_1_448' title='bbox 640 4827 695 4891; x_wconf 87' lang='lat' dir='ltr'><strong>loci</strong></span> <span class='ocrx_word' id='word_1_449' title='bbox 712 4835 858 4893; x_wconf 68' lang='lat' dir='ltr'><strong>cannutio.</strong></span> 
     </span>
    </p>
   </div>
   <div class='ocr_carea' id='block_1_7' title="bbox 0 0 2094 5624">
    <p class='ocr_par' dir='ltr' id='par_1_10' title="bbox 0 0 2094 5624">
     <span class='ocr_line' id='line_1_41' title="bbox 0 0 2094 5624; baseline 0 0"><span class='ocrx_word' id='word_1_450' title='bbox 0 0 2094 5624; x_wconf 95' lang='lat' dir='ltr'><strong> </strong></span> 
     </span>
    </p>
   </div>
  </div>
 </body>
</html>
