4178 5624
940 355 963 427 5

835 437 1070 496 mm

160 648 291 697 munem
315 627 418 694 fuisse
441 635 553 693 notum
580 633 642 703 est,
669 643 778 708 neque
796 623 955 689 'Romanis
984 644 1080 708 quem
1103 621 1237 689 Graecis
1261 628 1473 691 usitatiorem:
1505 630 1570 692 imo
1593 629 1744 692 universa

161 745 318 810 orationis
338 742 441 810 forma
463 761 500 805 ac
520 741 649 826 species.
666 741 709 804 ita
730 758 792 805 nos
813 736 958 804 iudicare
979 740 1073 825 cogit.
1118 737 1324 804 Admiramnr
1346 739 1477 825 quidem
1492 743 1526 805 iu
1541 741 1743 828 principibus
1783 728 1787 733 ⁵

160 860 380 927 Romanarum
399 877 506 920 rerum
527 852 722 941 sriptoribns
743 863 799 919 aut
819 852 995 940 eloquendi
1016 851 1194 919 ubertatem
1210 863 1242 919 et
1257 853 1506 940 amplitudinem,
1530 868 1586 921 aut
1601 867 1745 942 argutam

159 972 347 1039 breuitatem
368 968 543 1037 verborum
564 967 692 1034 delectu
712 971 877 1056 insignem,
899 977 988 1034 tenet
1008 989 1070 1034 nos
1083 971 1227 1056 gravitas
1249 968 1304 1034 illa
1326 968 1443 1034 excelsi
1463 972 1560 1034 animi
1575 969 1683 1036 index:
1711 980 1744 1035 at

160 1109 239 1154 vero
261 1091 289 1152 si
308 1085 457 1153 ¹Graecos
479 1083 608 1151 confers
630 1081 762 1170 paribus
783 1082 956 1149 virtutibus
976 1082 1146 1163 notabiles,
1170 1082 1303 1149 eandem
1325 1082 1508 1171 dignitatem
1530 1107 1568 1148 ac
1588 1089 1660 1163 vim,
1684 1085 1743 1151 sed

159 1204 265 1267 minus
285 1204 469 1268 arcessitam
492 1198 761 1285 elaboratumque,
785 1198 926 1284 denique
947 1202 1100 1266 maiorem
1118 1199 1351 1286 simplicitatem
1367 1209 1399 1263 et
1413 1198 1625 1265 inaffectatam
1642 1220 1743 1284 quan-

159 1315 231 1381 dam
251 1314 457 1382 dulcedinem
478 1313 721 1381 animadvertes.
766 1313 900 1398 Quanto
918 1323 1024 1379 autem
1041 1313 1176 1380 Graecis
1191 1315 1330 1379 Romani
1345 1312 1558 1380 studiosiores
1574 1313 1693 1379 fuerint
1708 1317 1742 1379 in

156 1432 205 1496 rei
226 1433 529 1504 commemoratione
547 1431 651 1514 ipsius
671 1425 767 1519 simul
784 1430 926 1493 auctoris
941 1423 1159 1513 praedicandi,
1183 1448 1221 1492 er
1237 1447 1349 1491 eorum
1363 1432 1497 1493 maxime
1512 1425 1603 1492 libris
1620 1432 1741 1513 perspi-

157 1547 250 1624 citur,
274 1547 332 1634 qui
351 1565 426 1610 suas
446 1546 510 1629 ipsi
531 1556 583 1607 res
605 1552 709 1630 gestas
729 1544 901 1608 memoriae
923 1539 1165 1606 mandaverunt.
1212 1539 1291 1626 Quo
1313 1544 1444 1606 nomine
1458 1552 1615 1626 quantun
1631 1534 1746 1608 discri-⁸

156 1678 232 1723 rnen
252 1660 378 1723 intersit
397 1661 482 1722 inter
500 1658 748 1744 Xenophontem
769 1666 801 1721 et
823 1656 1005 1735 Caesarem,
1028 1654 1122 1720 facile
1144 1657 1358 1743 cognoscitur.
1404 1652 1456 1719 nd
1480 1654 1608 1720 easdem
1629 1679 1741 1723 causas

156 1770 327 1838 referenda
351 1782 401 1838 est
421 1771 628 1858 epistularum
649 1792 782 1857 quoque
805 1771 959 1857 frequens
980 1770 1141 1836 confectio
1160 1769 1218 1852 (¹),
1249 1790 1289 1835 eo
1311 1767 1448 1834 consilio
1470 1771 1554 1833 inter
1572 1769 1741 1834 farniliares

159 1905 256 1971 saepe
276 1889 429 1966 instituta,
452 1895 489 1952 ut
509 1883 682 1971 postmodo
699 1867 737 1948 'in
752 1884 917 1969 publicum
935 1882 1119 1949 ederentur.
1162 1884 1281 1950 Graeci
1296 1886 1394 1949 moris
1410 1882 1443 1949 id
1459 1893 1533 1948 ante
1548 1881 1742 1950 deteriorem

158 1998 320 2064 literarum
336 2008 471 2062 nentem
484 2018 651 2083 nunquam
666 1996 775 2076 fuisse,
799 2018 866 2062 non
883 2008 930 2061 est
947 1996 1036 2082 quod
1052 1996 1276 2063 demonstrem.

241 2168 243 2173 ,
309 2112 356 2177 Er
375 2111 439 2177 hoc
459 2114 556 2198 igitur
570 2113 789 2177 Romanorum
804 2111 913 2178 studio
929 2122 1005 2198 apta
1019 2121 1067 2176 est
1082 2112 1269 2199 principalis
1285 2134 1390 2190 causa,
1415 2134 1474 2176 cur
1488 2111 1741 2178 memorabilium

156 2229 292 2291 vitarum
312 2225 426 2291 famam
445 2229 577 2292 interire
596 2224 792 2299 noluerunt:¹
810 2223 971 2309 siquidem
990 2224 1097 2291 laudis
1112 2247 1151 2290 ac
1165 2227 1286 2312 gloriae
1301 2248 1428 2313 semper
1442 2248 1520 2313 prae
1537 2215 1651 2291 ceteris
1666 2248 1741 2313 gen-

156 2339 244 2403 tibus
261 2341 518 2424 appetentissimi
538 2338 678 2401 fuerunt.
724 2337 791 2402 Sed
808 2335 963 2422 'quamvis'
978 2359 1046 2403 nou
1062 2338 1191 2427 maligni
1205 2360 1284 2404 suae
1299 2343 1438 2425 quisque
1454 2344 1580 2406 virtutis
1596 2344 1740 2405 aestima·

157 2464 245 2518 tores
267 2461 384 2529 essent,
407 2459 529 2515 tantum
549 2450 668 2528 aberat,
692 2461 728 2514 ut
748 2454 789 2518 iis
808 2472 892 2534 qnae
911 2453 1038 2535 priores
1051 2454 1085 2514 in
1100 2451 1330 2537 rempublicam
1344 2451 1432 2517 bona
1448 2453 1668 2529 contudissent,
1691 2456 1741 2517 in-

156 2564 311 2642 viderent,
335 2574 371 2628 ut
391 2568 523 2630 summis
542 2564 695 2632 laudibus
716 2586 773 2630 eos
790 2574 887 2650 atque
902 2564 1116 2630 aemulatione
1132 2563 1295 2631 celebrare
1311 2577 1475 2652 cuperent.
1522 2564 1741 2652 Quamobrem

156 2682 299 2766 proxime
322 2677 447 2743 accedit
468 2678 567 2744 altera
592 2702 703 2769 cansa,
731 2701 772 2747 ex
793 2681 921 2765 pietatis
944 2700 1043 2744 sensu
1066 2678 1256 2765 repetenda,
1287 2700 1353 2765 quo
1377 2684 1532 2747 maiorum
1556 2684 1740 2747 memoriam

156 2796 355 2859 sanctissime
371 2813 565 2858 conservare
579 2791 760 2857 studebant.
807 2791 937 2875 Quodsi
953 2792 1033 2855 haec
1047 2793 1200 2856 historiae
1214 2813 1346 2858 munere
1360 2792 1486 2857 inclusa
1502 2814 1573 2857 esse
1588 2793 1741 2858 volebant

157 2909 304 2986 Romani,
328 2911 476 2993 sequitur
495 2916 531 2971 nt
553 2909 685 2973 omnino
706 2926 775 2970 earn
796 2915 1083 2991 rerumgestarum
1104 2909 1318 2992 cognitionem
1339 2909 1468 2992 ingenio
1483 2918 1581 2991 atque
1595 2906 1739 2974 moribus
1834 2902 1836 2906 ’

157 3042 270 3087 eorum
291 3023 410 3105 optime
432 3024 623 3085 convenisse
645 3020 796 3097 dicamus,
820 3040 905 3105 quae
926 3023 1011 3084 vitae
1032 3041 1126 3084 usum
1146 3003 1362 3105 exemplorum
1379 3019 1565 3085 salubritate
1582 3031 1613 3084 et
1628 3026 1739 3086 iuvare

157 3145 189 3199 et
208 3134 369 3200 illustrare
390 3144 516 3220 posset:
546 3155 619 3199 nam
642 3133 744 3199 solius
765 3137 920 3199 scientiae
940 3133 1110 3199 consilium
1131 3137 1165 3198 in
1185 3133 1285 3203 literis
1305 3136 1433 3200 minime
1452 3133 1650 3221 probabant·
1688 3136 1739 3201 De

155 3250 205 3314 bis
220 3251 317 3336 igitur
331 3245 436 3313 tribus
451 3247 632 3314 rationibus
648 3247 747 3334 paulo
762 3251 929 3334 copiosius
943 3269 1031 3313 nunc
1046 3246 1272 3334 exponendum
1288 3259 1345 3312 est

308 3364 439 3429 Priores
464 3384 545 3447 quas
568 3367 666 3450 posui
691 3384 808 3428 musae
828 3365 957 3448 saepius
981 3384 1046 3428 una
1067 3361 1238 3428 valuerunt
1261 3361 1303 3427 ad
1325 3362 1562 3449 propagandam
1585 3361 1670 3429 bene
1693 3365 1739 3427 fa-

157 3487 281 3541 ctorum
302 3479 496 3540 memoriam:
521 3497 590 3540 non
610 3472 708 3562 magis
725 3479 807 3541 enim
823 3477 938 3563 populi
953 3478 1079 3555 honori,
1103 3498 1197 3561 quam
1215 3468 1375 3542 communi
1390 3487 1593 3561 posterorum
1611 3478 1738 3543 utilitati
1802 3454 1805 3460 ’

58 3626 63 3634 ·
156 3588 328 3656 consulere
344 3587 406 3662 sibi
421 3586 623 3667 videbantur,
647 3593 703 3675 qui
719 3594 846 3675 scriptis
863 3603 917 3655 aut
925 3593 1107 3655 imitatione
1122 3612 1307 3678 magnorum
1323 3596 1465 3657 virorum
1480 3613 1599 3659 nomen
1615 3602 1645 3656 et
1662 3612 1738 3655 con-

157 3704 228 3770 silia
250 3702 291 3768 ab
314 3701 480 3768 oblivione
501 3702 675 3775 defendere
691 3702 872 3782 studebant,
895 3715 931 3768 ut
949 3703 1168 3769 immortalitas
1184 3705 1340 3791 quaedam
1356 3716 1441 3772 esset
1456 3708 1587 3770 eximiae
1601 3707 1736 3769 virtutis.

156 3818 269 3905 Quare
293 3840 393 3904 quum
414 3818 467 3883 vel
487 3818 564 3884 binc
583 3818 778 3904 praesidium
800 3829 1010 3904 quaereretur
1028 3818 1069 3884 ad
1092 3822 1249 3885 civitatem
1270 3819 1354 3886 bene
1370 3817 1625 3901 constituendam
1639 3829 1738 3904 atque

155 3931 351 4011 firmandam,
375 3916 509 4019 apparet
533 3936 753 4019 quaestionem
778 3944 920 4000 nostram
945 3944 1094 4020 exparte
1116 3933 1253 4019 quadam
1275 3933 1315 3997 ad
1337 3936 1518 4020 universam
1539 3932 1738 4019 reipublicae

155 4048 322 4113 Romanae
344 4046 507 4112 historiam
523 4051 693 4135 pertinere.
712 4086 751 4124 :-
777 4048 901 4112 Multns
919 4057 966 4111 est
982 4047 1100 4112 Cicero
1117 4049 1149 4111 in
1165 4045 1379 4133 praedicanda
1394 4045 1525 4134 publica
1540 4047 1661 4134 gloriae
1675 4050 1738 4110 uti-

156 4159 258 4227 litate:
283 4162 450 4247 principes
473 4165 617 4242 eivitatis,
640 4165 691 4236 ait,
715 4160 939 4226 alendos-esse
954 4161 1063 4248 gloria,
1087 4170 1119 4226 et
1134 4160 1204 4227 sola
1219 4159 1340 4248 gloriae
1355 4161 1529 4248 cupiditate
1544 4161 1659 4226 ductos
1673 4181 1738 4224 ma-

35 4338 45 4350 ,
156 4278 243 4341 iores
264 4275 364 4340 multo
384 4279 463 4341 mira
484 4285 581 4361 atque
602 4269 766 4361 praeclara
787 4275 911 4355 fecisse,
933 4296 996 4340 nec
1016 4297 1087 4342 esse
1101 4279 1228 4341 virtutis
1248 4276 1345 4341 ullam
1366 4277 1458 4342 aliam
1479 4273 1658 4341 mercedem
1675 4272 1736 4357 (²).

156 4387 423 4474 Locupletissima
444 4393 548 4497 igitog
559 4399 722 4476 spectatae
742 4392 868 4455 virtutis
889 4389 1081 4457 documenta
1096 4389 1253 4478 parabant
1268 4390 1378 4456 eadem
1394 4388 1566 4476 diligentia,
1589 4409 1653 4475 qua
1668 4409 1736 4454 onr-

156 4523 216 4569 nes
235 4523 288 4567 res
308 4522 383 4568 suas
404 4504 555 4591 privatas’
564 4508 598 4570 iu
618 4508 760 4594 rationes
781 4505 902 4572 referre
922 4504 1080 4573 solebant.
1124 4507 1166 4584 Et
1186 4526 1223 4571 er
1245 4503 1355 4570 eadem
1379 4525 1464 4582 cura,
1491 4524 1533 4569 ne
1554 4505 1734 4591 graviorum

193 4749 235 4822 (¹)
266 4747 302 4805 cf.
325 4747 430 4804 Fronto
449 4746 530 4804 Nieb.
551 4767 774 4822 p.rxvrr·xxx.

193 4854 235 4928 (²)
265 4876 291 4913 r.
312 4856 347 4914 dc
365 4874 425 4932 rep.
445 4855 614 4933 fruguum-l.
628 4863 656 4914 3.
671 4853 699 4913 l,
713 4865 742 4916 5,
