4178 5624
909 335 952 407 11

293 608 407 696 ltaque
422 610 524 693 'quem
543 605 627 670 ritae
642 621 736 669 nsum
751 602 954 667 strationem
968 600 1099 687 ingenio
1114 619 1175 668 sno
1191 597 1275 668 duce
1289 601 1428 671 Romani
1442 617 1661 694 susceperant,
1683 631 1723 679 ea

139 727 203 793 hoc
222 745 330 792 rernm
348 718 622 788 memorandarum
643 738 745 804 genus
765 718 934 803 requirere
954 711 1134 781 ridebatur.
1179 716 1218 781 T.
1231 717 1343 783 livius
1365 739 1499 806 quoqpe
1516 743 1589 788 cum
1608 745 1723 814 magns

140 838 270 907 dicendi
290 849 359 905 arte
380 833 549 903 consilium
569 853 664 898 suum
685 841 825 911 secutus,
849 830 926 897 dum
947 828 1112 918 praeclara
1131 832 1287 896 maiorum
1309 833 1451 920 exempla
1471 857 1510 901 ex
1525 837 1722 925 singularum

139 953 329 1042 familiarum
349 951 483 1016 historia
501 946 648 1015 desumta
662 945 711 1032 (¹)
731 945 921 1034 aequalibus
936 948 1101 1034 proponit,
1123 947 1246 1032 patriae
1260 949 1389 1013 virtutis
1408 949 1543 1017 alendae
1559 957 1723 1021 materiam

140 1067 438 1145 commodissimam,
466 1062 563 1130 simul
582 1065 753 1129 universae
772 1061 972 1150 reipublicae
989 1041 1155 1128 Romanae
1174 1063 1272 1126 vitam
1292 1072 1432 1142 enarrat,
1454 1064 1543 1131 velut
1562 1069 1624 1132 viri
1643 1071 1722 1134 ima-

138 1186 242 1271 ginem
269 1183 449 1269 exprimens
475 1177 510 1245 id
534 1177 639 1246 solum
664 1181 852 1266 spectantis,
881 1187 918 1243 ut
943 1177 1070 1245 fortiter
1096 1186 1128 1243 et
1153 1185 1285 1242 suenus
1311 1176 1436 1264 agendo
1462 1176 1588 1246 firmum
1614 1202 1724 1249 rerum

137 1318 266 1363 suarum
282 1304 399 1361 statum
413 1292 532 1362 condat
546 1293 603 1380 (²).
647 1294 757 1378 Atque
771 1291 953 1368 Sallustius,
975 1295 1150 1378 praecipue
1165 1294 1200 1356 in
1222 1289 1363 1358 Catilina
1386 1290 1428 1357 ad
1449 1293 1619 1380 singularis
1633 1299 1723 1364 vitae

138 1408 349 1498 exponendae
378 1410 514 1477 formam
538 1410 684 1496 proxime
709 1404 848 1486 accedit,
878 1385 942 1471 hoc
967 1407 1061 1471 Livio
1086 1407 1314 1491 praestantior,
1346 1407 1437 1491 quod
1463 1411 1497 1474 in
1525 1429 1649 1476 morum
1675 1410 1724 1477 ia-

139 1510 332 1611 ctorumque
355 1528 461 1592 causis
485 1521 672 1610 detegendis
695 1531 727 1587 et
747 1518 944 1608 explicandis
965 1521 1197 1586 accuratiorem
1218 1517 1413 1606 diligentiam
1435 1522 1583 1589 collocat
1627 1521 1724 1590 Simi-

137 1639 211 1706 liter
234 1639 313 1706 alias
337 1659 399 1717 res,
428 1658 513 1724 quae
531 1635 629 1704 nobis
650 1639 834 1704 continuam
857 1634 1106 1724 disputationem
1129 1632 1313 1700 desiderare
1333 1633 1492 1715 videntur,
1517 1659 1537 1700 a
1558 1636 1723 1704 veteribus

59 1814 62 1819 .
138 1752 335 1841 singularum
356 1757 493 1818 vitarum
511 1755 679 1820 notatione
699 1752 950 1839 comprehensae
973 1759 1063 1825 sont;
1095 1749 1135 1814 cl.
1151 1749 1241 1817 Suet.
1263 1749 1304 1815 de
1325 1748 1439 1814 illustr.
1459 1771 1588 1838 gramm
1609 1773 1636 1816 c.
1649 1754 1723 1819 1-5.

139 1866 181 1934 de
197 1867 272 1934 clar.
287 1869 367 1934 rhet.
384 1890 412 1933 c.
424 1871 452 1933 1.

292 1981 377 2046 Satis
396 1990 508 2066 patere
523 1977 677 2056 arbitror,
706 1978 872 2043 Romanos
895 1997 933 2042 ex
953 1978 1146 2043 necessitate
1166 1976 1303 2062 quadam
1324 1999 1450 2044 omnem
1472 1980 1624 2046 historiae
1646 2001 1725 2047 con·

140 2092 331 2160 scribendae
349 2103 448 2159 artem
469 2113 510 2158 eo
531 2090 695 2171 direxisse,
721 2100 759 2157 ut
778 2089 974 2180 singularum
993 2094 1130 2157 vitarum
1148 2112 1322 2177 rerumque
1341 2090 1544 2160 laudabiliter
1565 2104 1724 2181 gestarum

138 2211 294 2276 memoria
308 2207 497 2274 traderetur.
531 2207 620 2272 lnest
634 2209 669 2271 in
684 2226 725 2271 eo
741 2204 850 2271 studio
867 2214 899 2271 et
913 2208 1088 2271 iuventutis
1104 2204 1267 2290 quoddam
1283 2204 1524 2275 documentum:
1545 2231 1610 2296 qua
1621 2219 1725 2276 aetate

139 2327 197 2409 qui
218 2325 385 2401 conmituti
405 2329 481 2384 sunt
501 2321 569 2382 sive
588 2317 706 2403 populi
726 2322 793 2383 sire
811 2318 929 2404 singuli
943 2319 1099 2398 homines,
1120 2318 1210 2385 nulla
1224 2341 1260 2384 re
1274 2319 1436 2388 audienda
1450 2326 1549 2410 magis
1563 2323 1725 2391 delectan-

139 2447 202 2515 tur,
224 2456 319 2521 quam
340 2431 539 2520 singulorum
560 2431 740 2496 facinorum
761 2453 933 2516 rerumque
954 2453 973 2495 a
992 2434 1071 2495 viris
1090 2431 1230 2496 fortibus
1250 2443 1410 2518 gestarum
1424 2439 1622 2502 narratione:
1646 2437 1725 2503 inde

138 2549 191 2615 rel
213 2548 423 2614 admiratione
444 2545 497 2611 vel
518 2543 699 2611 aemulandi
720 2546 829 2613 studio
851 2547 974 2610 animus
996 2543 1215 2631 perfunditun
1238 2545 1364 2612 accedit
1379 2546 1479 2634 quod,
1503 2569 1570 2635 qno
1585 2554 1724 2637 propius

141 2673 171 2728 et
187 2664 328 2749 apertius
343 2660 485 2749 gloriose
500 2658 584 2726 iacta
599 2663 854 2747 conspiciuntur,
873 2681 913 2725 eo
930 2663 1024 2725 citius
1040 2681 1130 2746 spem
1146 2663 1282 2727 excitant
1296 2661 1407 2727 similis
1422 2661 1528 2728 landis
1543 2663 1725 2755 adipiscen-

139 2776 213 2855 dae,
243 2787 275 2842 et
296 2776 364 2841 lere
385 2777 607 2860 proximorum
622 2773 765 2839 adversis
788 2772 916 2838 casibus
935 2776 998 2858 ipsi
1019 2773 1098 2858 quid
1117 2774 1228 2860 fugere
1248 2773 1388 2841 debeant
1409 2777 1556 2842 homines
1573 2778 1725 2843 facillime

75 2974 79 2985 .
140 2890 309 2957 docentur.
354 2891 483 2955 Interim
504 2887 647 2954 adolevit
665 2887 837 2952 humanum
857 2907 958 2973 genus
974 2885 1015 2951 ad
1030 2888 1236 2952 maturiorem
1250 2897 1398 2952 aetatem:
1422 2910 1460 2953 ac
1474 2888 1571 2955 nobis
1587 2890 1629 2979 ad
1643 2890 1725 2958 libe-

139 3009 258 3070 riorem
272 3006 499 3069 humanitatem
515 2999 649 3066 eruditis
664 3020 772 3086 neque
786 2999 841 3065 illa
857 2999 927 3066 sola
941 3003 1044 3065 virtus
1060 3009 1119 3080 est,
1134 3023 1230 3087 quam
1243 3001 1427 3087 respublica
1437 2992 1582 3089 requirit,
1599 3015 1631 3070 et
1641 3006 1725 3072 aliae

140 3121 250 3205 potius
274 3126 475 3204 quaeruntur
497 3118 606 3202 specie
628 3136 687 3180 sua
712 3124 743 3180 et
763 3113 938 3203 splendore
957 3118 1062 3181 minus
1084 3115 1332 3181 commendatae.
1377 3117 1547 3184 Praeterea
1569 3122 1725 3204 quonim

141 3234 312 3301 christiana
336 3231 450 3318 religio
472 3251 542 3296 non
566 3239 628 3294 tam
649 3231 786 3315 patriae,
815 3249 910 3314 quam
933 3229 1137 3294 humanitatis
1162 3233 1389 3296 communione
1411 3233 1558 3298 homines
1580 3237 1665 3299 inter
1688 3255 1725 3300 se

140 3345 308 3413 devinctos
329 3351 400 3412 es'se
421 3345 526 3424 docet,
548 3366 654 3410 rerum
673 3344 881 3409 humanarum
897 3342 1197 3431 cognoscendarum
1212 3342 1353 3410 studium
1368 3366 1407 3412 er
1420 3356 1566 3414 veterum
1581 3349 1724 3436 angustis

141 3460 263 3526 finibus
278 3463 313 3524 in
328 3461 541 3545 patentiorem
556 3481 700 3544 campum
717 3467 884 3524 evocatum
900 3467 959 3524 est.
1000 3456 1134 3545 Quippe
1149 3480 1219 3524 eam
1232 3460 1406 3538 historiam,
1429 3483 1526 3547 quam
1541 3465 1723 3529 universam

141 3597 204 3641 nos
225 3595 395 3652 vocamus,
424 3564 563 3659 antiquis
587 3575 727 3659 ἰςιιοῑυιη
751 3571 852 3638 luisse
873 3576 991 3638 scimus
1008 3572 1073 3657 (³);
1104 3593 1212 3659 neque
1232 3576 1265 3639 in
1285 3576 1505 3641 Romanorum
1527 3576 1628 3642 literis
1649 3589 1725 3644 ante

142 3693 283 3778 Trogum
299 3688 488 3775 Pompeium
503 3687 573 3765 luit,
596 3690 700 3774 quiin
717 3696 895 3752 exterarum
909 3691 1076 3753 nationum
1093 3688 1258 3755 historiam
1278 3692 1464 3776 inquireret.
1508 3690 1608 3756 iidem
1624 3711 1723 3776 quum

141 3815 269 3891 praeter
289 3807 340 3870 sui
360 3805 486 3890 imperii
505 3811 695 3889 potestatem
717 3812 749 3868 et
770 3801 1010 3889 amplitudinem
1030 3802 1111 3868 nihil
1131 3825 1325 3891 magnopere
1345 3804 1408 3870 sibi
1424 3803 1600 3870 curandum
1616 3807 1724 3870 existi-

142 3929 274 3995 marent,
294 3940 336 3984 ne
353 3917 554 3984 Graecorum
571 3916 700 4004 quidem
716 3920 861 3984 instituta
875 3940 913 3985 ac
927 3939 1035 3985 mores
1050 3920 1127 3984 satir
1141 3918 1376 3997 intellexerunt,
1400 3921 1517 3984 omissa
1532 3917 1725 4006 plerumque

143 4053 312 4099 causarum
338 4033 591 4107 reconditiorum
617 4036 871 4120 investigatione.
917 4034 956 4098 ln
981 4034 1145 4118 praeteriti
1168 4035 1321 4119 temporis
1345 4036 1497 4099 memoria
1521 4032 1724 4121 disciplinam

142 4145 295 4215 volebant
316 4167 396 4224 esse,
418 4167 487 4212 non
507 4150 671 4214 scientiam
691 4157 723 4214 et
738 4158 846 4213 artem.
892 4144 1112 4231 Quamobrem
1127 4168 1227 4232 quum
1243 4151 1346 4215 omnis
1362 4149 1515 4215 historiae
1530 4151 1613 4214 ratio
1628 4157 1722 4212 antea
1787 4210 1793 4222 ,

144 4260 185 4326 ad
207 4261 387 4346 aequalium
406 4261 459 4326 vel
480 4264 676 4347 posteritatis
696 4260 862 4348 publicum
882 4282 975 4326 usum
995 4272 1211 4342 revocaretur,
1234 4265 1465 4351 imperatorum
1484 4261 1609 4327 demum
1629 4280 1720 4340 aevo,

522 4462 549 4533 q

180 4538 222 4608 (¹)
241 4536 355 4609 Vopisc.
378 4538 461 4594 Firm.
478 4537 505 4594 6:
530 4528 644 4609 „bivias
668 4551 696 4596 et
714 4541 869 4598 Sallustius
889 4552 978 4597 tacent
997 4561 1040 4598 rer
1058 4540 1130 4598 leves
1148 4542 1183 4599 de
1202 4542 1246 4607 iis,
1266 4558 1385 4614 quorum
1404 4542 1485 4601 vitas
1502 4540 1659 4598 scribendas
1676 4560 1721 4598 ar·

145 4625 319 4702 ripuerunt.”

182 4735 223 4808 (²)
254 4734 290 4790 cl.
307 4733 394 4791 Ulrici
413 4733 463 4790 l.l.
485 4754 512 4810 p.
527 4741 589 4790 121.

182 4842 223 4914 (³)
253 4843 421 4900 chiliades.
441 4842 679 4919 Sic.prael.1,3.
710 4845 774 4901 add.
791 4845 878 4902 Ulrici
897 4845 948 4903 l.l.
969 4865 999 4922 p.
1012 4850 1074 4908 191.
