4178 5624
1034 352 1083 429 27

941 465 1177 494 mmm

268 627 380 696 tiendo
400 647 501 714 opere
521 627 697 714 cogitarent
711 620 784 706 (¹).
797 657 837 705 -ε
869 620 972 708 Atqui
986 623 1104 709 seipse
1119 617 1248 688 Probus
1263 641 1330 689 non
1345 631 1519 704 auctorem,
1541 624 1600 692 sed
1613 624 1781 694 librarium
1795 629 1849 695 ha·

267 743 339 811 beri
358 741 436 823 vult,
458 745 589 808 sirecte
609 730 855 824 interpretamur
874 738 1028 825 poematii
1049 737 1167 803 exitum
1179 734 1246 822 (²);
1269 746 1302 802 et
1319 736 1464 824 produnt
1476 743 1611 828 insuper
1625 743 1659 807 hi
1672 764 1786 823 versus
1802 746 1850 811 in·

267 861 397 945 genium
411 866 475 922 tam
490 855 572 922 rude
586 863 685 939 atque
698 854 854 950 inepturp,
875 861 912 917 ut
928 849 1066 919 eundem
1081 873 1178 938 quem
1192 854 1277 916 vitae
1293 861 1456 937 auctorem
1471 853 1591 922 babere
1605 861 1823 944 nonpossint

340 1005 343 1010 ·
422 971 516 1058 Quae
536 990 637 1056 quum
653 971 701 1039 ita
721 970 803 1053 sint,¹
818 975 850 1051 et
868 968 904 1035 in
924 969 1116 1051 tantaritae
1130 967 1231 1032 Attici
1250 974 1283 1030 et
1298 964 1434 1033 Catonis
1457 990 1528 1034 cum
1548 970 1682 1058 reliquis
1705 972 1851 1039 similitu-

265 1086 352 1166 dine,
375 1086 579 1174 quantumvis
600 1084 694 1148 inviti
715 1084 787 1168 engi
801 1080 957 1162 videmur,
980 1090 1017 1146 nt
1032 1103 1113 1149 aevo
1130 1080 1348 1150 Ciceroniano
1363 1103 1384 1147 a
1399 1080 1501 1149 Corn.
1513 1084 1643 1172 Nepote
1657 1089 1745 1152 bunc
1758 1085 1851 1154 libel·

219 1173 222 1192 Ι
265 1202 334 1268 lum
354 1204 507 1286 seriptum
527 1219 600 1264 esse
621 1195 846 1264 concedamus.
891 1198 975 1264 Nam
995 1195 1086 1282 quod
1101 1181 1191 1263 nulla
1206 1199 1275 1263 eius
1291 1199 1423 1284 vestigia
1438 1197 1677 1284 inaequalibus
1692 1205 1851 1288 posterio

265 1320 377 1402 risque
396 1316 509 1395 aetatis
531 1311 746 1400 scriptoribus
763 1313 981 1391 inveniuntur,
1004 1310 1038 1376 id
1052 1331 1248 1398 magnopere
1263 1311 1441 1379 curandum
1455 1322 1597 1379 nonest
1643 1314 1774 1401 Quodsi
1788 1318 1851 1383 'l'a-

266 1433 348 1494 citus
371 1439 469 1515 atque
484 1427 634 1494 Velleius
653 1428 815 1494 rarissime
834 1423 1016 1506 laudantur,
1040 1423 1120 1510 quid
1140 1427 1293 1491 miramur
1311 1425 1397 1491 libro
1418 1425 1534 1508 tantuli
1554 1431 1649 1515 pretii
1669 1428 1754 1495 idem
1769 1435 1852 1496 acci-

266 1544 372 1611 disse?
398 1545 586 1630 praescrtim
607 1543 636 1607 si
655 1562 730 1628 pars
751 1542 859 1627 operis
879 1526 1009 1611 maioris
1028 1539 1089 1604 latit
1104 1538 1146 1605 de
1160 1541 1237 1605 viris
1253 1539 1443 1621 illustribus,
1467 1540 1557 1626 quod
1577 1546 1707 1635 saepius
1729 1546 1851 1608 citatur.
1934 1536 1944 1558 “

266 1661 310 1724 At
329 1660 443 1724 nescio
464 1678 505 1722 au
526 1656 624 1736 huius
643 1655 762 1722 silentii
782 1677 880 1721 causa
901 1658 1011 1743 potius
1033 1676 1072 1721 ex
1089 1658 1197 1742 operis
1214 1653 1353 1721 exilitate
1368 1653 1544 1742 repetenda
1557 1658 1613 1720 sit:
1638 1678 1721 1742 quae
1736 1679 1853 1726 vereor

264 1794 309 1840 ne
333 1759 421 1838 tanta
444 1774 493 1851 sit,
521 1779 557 1835 ut
579 1768 657 1837 inde
680 1792 775 1851 orsus
798 1780 992 1858 argumenta,
1021 1791 1105 1856 quae
1127 1791 1227 1857 supra
1250 1791 1312 1856 pro
1332 1769 1490 1838 Cornelio
1511 1768 1611 1849 attuli,
1634 1774 1743 1839 omnia
1763 1792 1852 1840 nunc

266 1886 429 1953 infirmare
445 1883 589 1956 debeam.

420 2001 503 2066 Nam
525 2002 585 2063 etsi
606 1996 696 2082 quod
717 1996 888 2063 consilium
908 2006 1039 2062 secutus
1055 1999 1096 2066 sit
1111 2007 1226 2065 auctor
1238 2017 1307 2064 non
1323 2007 1433 2084 aperte
1447 1996 1616 2080 indicatur,
1637 1997 1731 2064 facile
1746 2009 1852 2079 tamen

266 2116 470 2201 perspicitur,
492 2133 561 2179 non
583 2121 647 2178 tana
669 2109 705 2176 id
727 2132 812 2212 euru
826 2113 937 2198 egisse,
960 2119 997 2174 ut
1015 2113 1155 2198 integras
1176 2113 1258 2177 vitas
1280 2121 1452 2191 enarraret,
1476 2134 1572 2198 quam
1592 2121 1629 2178 ut
1644 2113 1851 2194 lortitudinis,

267 2231 416 2308 iustitiae,
438 2229 575 2315 pietatis,
598 2224 740 2311 denique
760 2227 904 2291 omnium
920 2226 1074 2289 virtutum
1089 2224 1234 2310 exempla
1248 2235 1282 2288 et
1296 2229 1440 2292 virorum
1455 2226 1626 2293 illustrium
1642 2231 1754 2294 eximia
1769 2230 1853 2296 lacta

268 2330 464 2428 ostenderet,
478 2343 513 2423 in
529 2359 613 2424 quae
628 2337 682 2403 alii
697 2341 859 2404 intuentes
874 2336 1096 2403 aemulationis
1107 2341 1270 2403 materiam
1284 2337 1513 2424 haberentet
1543 2339 1650 2426 Quam
1661 2350 1851 2430 temporum,

152 2526 158 2532 ,
266 2476 408 2534 morum,
431 2473 605 2538 rerumque
625 2461 786 2539 gestarum
809 2454 1081 2537 comparationem
1101 2462 1158 2516 aut
1179 2451 1380 2531 commodius
1399 2455 1523 2518 institui
1543 2453 1716 2527 arbitratus
1737 2467 1801 2535 est,
1823 2462 1853 2522 si

267 2571 422 2635 Romanis
447 2577 569 2634 exteras
594 2575 715 2634 tantum
736 2574 848 2651 gentes
869 2568 1095 2651 proposuisset
1112 2563 1173 2650 (⁴),
1200 2574 1255 2630 aut
1276 2566 1498 2633 Romanorum
1521 2569 1751 2662 imperatorum
1771 2571 1852 2634 vitas

267 2703 336 2750 nou
356 2681 461 2750 solum
482 2668 642 2755 oblivioni
663 2677 796 2770 traditas
812 2700 892 2759 esse,
915 2677 973 2744 sed
988 2678 1084 2765 plane
1099 2681 1260 2746 interiisse
1275 2683 1428 2766 temporis
1443 2683 1561 2751 iniuria
1576 2681 1780 2771 statuendum
1797 2691 1854 2763 est,

265 2800 459 2886 priusquam
480 2796 601 2869 maiore
616 2790 732 2871 studio
753 2801 841 2858 totus
860 2793 914 2856 bic
932 2791 1016 2873 liber
1032 2796 1120 2858 inter
1138 2792 1284 2859 homines
1305 2792 1533 2880 divulgaretur.
1578 2796 1764 2862 Postremae
1778 2797 1854 2861 buic

262 2890 419 3000 'opinioni
434 2909 650 2996 suflragantur
664 2903 763 2971 verba
780 2927 864 2991 quae
879 2915 1008 2971 extrem.
1024 2903 1164 2971 Hannib.
1180 2905 1344 2993 leguntur:
1368 2905 1446 2987 „sed
1461 2916 1587 2994 tempus
1603 2919 1652 2974 est
1666 2911 1763 2976 lanius
1777 2907 1854 2975 libri

248 3086 251 3092 .
267 3026 376 3092 lacere
396 3024 494 3090 tinem
515 3032 547 3088 ct
561 3023 783 3086 Romanorum
799 3018 959 3107 explicare
974 3023 1192 3106 imperatores,
1215 3042 1283 3107 quo
1298 3019 1424 3087 lucilius
1441 3021 1565 3089 collatis
1581 3031 1793 3109 utrorumque
1808 3024 1853 3089 la-

187 3133 192 3145 “
270 3144 329 3206 ctis
346 3142 403 3226 qui
417 3140 478 3204 viri
493 3133 697 3224 praeferendi
711 3136 784 3214 sint,
805 3136 910 3220 possit
924 3133 1088 3200 iudicari.”

422 3253 488 3323 lam
508 3271 587 3316 vero
608 3247 809 3337 praeclarum
829 3246 911 3314 illud
932 3247 1103 3314 consilium
1122 3268 1180 3335 age
1199 3249 1417 3334 inspiciamus,
1441 3247 1607 3334 quomodo
1627 3259 1797 3316 exsecutus
1812 3254 1854 3316 sit

268 3378 392 3435 auctor.
438 3368 546 3432 Possit
562 3366 635 3451 quis
650 3365 794 3443 haerere,
816 3371 923 3428 uuum
938 3361 1092 3442 noluisse,
1115 3382 1157 3428 au
1171 3383 1240 3430 non
1255 3364 1403 3449 potuisse
1419 3384 1492 3439 eum
1507 3362 1599 3433 aliter
1613 3366 1647 3431 iu
1663 3386 1763 3451 opere
1777 3386 1853 3451 pro

269 3485 378 3571 posito
399 3501 493 3567 agere
513 3477 607 3543 dicat.
652 3478 730 3544 Non
750 3477 925 3563 lugit'eum
947 3475 1077 3562 quidem
1097 3497 1164 3563 quo
1187 3475 1371 3542 discrimina
1389 3480 1650 3555 internoscantur
1663 3483 1748 3545 vitae
1763 3501 1853 3546 enar-

268 3599 353 3664 ratio
369 3605 401 3662 et
415 3597 500 3660 iusta
514 3593 662 3659 historia:
685 3600 717 3656 at
732 3593 806 3677 quis
822 3589 940 3671 eredat,
955 3600 1011 3657 aut
1025 3593 1151 3656 virtutis
1168 3613 1241 3657 eum
1256 3592 1402 3660 stimulos
1417 3591 1589 3680 legentium
1605 3575 1718 3661 animis
1733 3593 1853 3659 addere

269 3714 425 3800 potuisse,
449 3718 505 3775 aut
519 3710 663 3774 virorum
683 3727 755 3777 eum
771 3707 848 3771 viris
864 3703 1135 3772 conferendorum
1151 3708 1276 3794 copiam
1291 3707 1407 3777 fecisse
1422 3717 1486 3779 tam
1501 3708 1576 3775 erili
1590 3711 1726 3772 vitarum
1741 3705 1853 3772 adum-

267 3825 427 3907 bratione,
450 3845 515 3911 qua
536 3810 612 3887 sive'
621 3820 773 3888 consulto
789 3823 858 3899 sive
871 3819 1069 3908 negligenter
1083 3843 1180 3909 agens
1192 3825 1397 3910 gravissimas
1412 3844 1465 3888 res
1481 3825 1596 3903 omisit,
1612 3823 1765 3906 expositis
1780 3820 1860 3895 aliis,

269 3924 348 4005 satis
375 3942 508 4026 copiose
535 3946 632 4024 atque
657 3935 774 4002 additis
799 3934 886 4005 haud
912 3922 987 4002 raro
1014 3941 1270 4024 supervacaneis.
1308 3929 1411 4003 Velut
1437 3917 1692 4023 Epaminondam
1716 3956 1851 4003 exorsus

308 4183 350 4256 (¹)
380 4180 417 4240 ol.
434 4180 543 4239 Nissen.
559 4181 666 4239 dissert.
685 4201 715 4258 p.
728 4188 755 4239 3.

309 4288 351 4360 (²)
604 4296 752 4364 „Corpore
771 4291 801 4343 iu
818 4288 874 4344 hoc
892 4306 995 4344 manus
1014 4298 1057 4344 est
1074 4292 1216 4365 genitoris
1235 4292 1342 4366 avique
1360 4309 1494 4368 artesque:

604 4381 730 4446 Felices,
751 4379 898 4436 dominum
917 4398 1155 4454 quaeymeruere,
1175 4380 1318 4437 marrus!”

310 4485 360 4561 (³)'
383 4487 505 4543 Attendo
520 4462 696 4565 singuloffln
714 4490 809 4553 initia3
829 4508 853 4544 e.
872 4509 898 4566 g.
920 4488 1057 4546 Timauus
1079 4489 1183 4564 „multa
1201 4488 1283 4546 huius
1301 4499 1367 4545 sunt
1385 4486 1522 4563 praeclare
1540 4484 1623 4554 lacta,
1641 4485 1689 4542 red
1708 4484 1775 4544 baec
1792 4505 1850 4544 naa·

272 4584 346 4637 aima
369 4575 495 4633 illustria.
515 4608 542 4622 -
572 4579 707 4638 Chabrias
730 4580 914 4639 Atheniensis.
939 4578 985 4637 hic
1003 4599 1114 4656 quoque
1132 4581 1162 4635 iu
1180 4581 1295 4635 summis
1313 4579 1423 4634 habitus
1441 4588 1483 4634 eat
1500 4577 1617 4637 ducibus
1633 4595 1732 4654 reaque
1749 4576 1851 4642 multas

273 4670 405 4726 memoria
423 4667 520 4743 dignas
539 4669 636 4742 gessit3
655 4671 704 4725 sed
721 4691 755 4728 ex
772 4671 816 4729 bis
834 4670 923 4728 elucet
940 4672 1068 4728 maxime.
1082 4701 1110 4715 -
1137 4669 1262 4744 Pelopid.
1277 4674 1303 4739 l:
1324 4669 1401 4726 cuius
1418 4669 1454 4726 de
1472 4667 1620 4726 unimus
1637 4669 1736 4728 dubito
1753 4688 1850 4747 quam·
1862 4676 1876 4699 ⁴

274 4761 423 4832 admodum
441 4759 607 4833 exponam.”

310 4869 351 4942 (‘)
382 4869 418 4927 cl.
432 4865 530 4927 nanno
547 4866 619 4944 disp.
634 4866 669 4924 de
682 4863 769 4928 Corn.
785 4868 822 4926 ll.
837 4866 897 4929 Cia.
919 4871 999 4930 1827.
1020 4888 1049 4945 p.
1060 4872 1087 4925 5.

1508 4976 1537 5036 D
1551 4966 1588 5037 2'
