4178 5624
891 345 1064 431 ‚17

921 458 1156 488 mmm

249 606 369 693 ewam.
385 619 741 708 „numqaum
760 626 872 682 masna
886 615 958 705 ipsc
972 611 1108 682 consilia
1122 591 1261 702 aperiret
1276 624 1308 682 et
1321 613 1472 688 torttrnae
1485 619 1572 687 vices
1587 618 1828 689 demonstraret

250 742 322 808 llos
336 759 416 805 vero
433 735 536 834 libros
551 738 585 803 in
599 734 793 822 gravissimis
807 729 1077 818 occupationibus
1093 733 1291 817 compositos
1307 734 1455 832 eximium
1469 736 1589 822 ingenii
1603 735 1831 825 sollertiaeque

251 861 494 922 monumentum
510 871 581 915 esse
596 850 700 916 omnis
714 857 801 913 aetas
816 846 978 913 iudicavit
1022 845 1164 913 Dicendi
1177 866 1279 932 genus
1295 849 1420 934 egregia
1433 847 1531 918 laude
1545 859 1680 916 ornatur
1694 873 1744 938 ap.
1760 851 1831 921 Cic

250 972 341 1036 Brut
351 969 403 1042 75.
417 967 465 1032 ci.
477 963 577 1052 praef.
591 962 686 1031 Caes.
697 961 773 1028 bell.
785 965 845 1027 oiv.
857 953 918 1027 l8!
941 960 1076 1028 Sueton.
1093 960 1188 1029 Caes.
1202 962 1253 1027 55.
1267 961 1318 1027 56.
1334 997 1376 1012 -
1404 961 1458 1028 De
1472 960 1539 1028 fide
1554 968 1646 1052 operi
1661 963 1832 1034 tribuenda
1936 980 1939 987 ·

251 1085 357 1150 Asinii
371 1080 526 1148 Pollionis
546 1080 737 1146 sententiam
758 1079 897 1144 servavit
911 1050 1088 1143 Suetonius
1109 1076 1203 1145 eso:
1226 1096 1300 1142 nam
1320 1096 1434 1162 parum
1454 1075 1621 1164 diligenter
1635 1078 1690 1146 ille
1704 1085 1832 1167 pariam-

253 1220 318 1285 que
337 1199 459 1283 integra
481 1192 616 1260 veritate
638 1213 697 1260 eos
717 1179 822 1258 libros
846 1194 1044 1279 compositos
1067 1193 1200 1278 putarit,
1227 1211 1347 1276 „quum
1371 1188 1494 1257 Caesar
1516 1200 1548 1257 et
1569 1215 1653 1277 quae
1672 1216 1731 1281 per
1749 1194 1831 1263 alios

253 1320 342 1378 eraut
360 1319 451 1398 gesta
469 1306 794 1385 temere'orediderit,
818 1315 849 1371 et
871 1327 955 1392 quae
974 1327 1033 1392 pqr
1053 1325 1097 1384 se,
1119 1304 1172 1369 vel
1195 1304 1347 1370 consulto
1368 1303 1421 1369 vel
1435 1309 1536 1372 etiam
1555 1311 1707 1374 memoria
1721 1309 1832 1397 lapsus

250 1445 420 1513 perperam
440 1421 624 1490 ediderit”.
649 1420 752 1508 Quod
773 1419 937 1499 iudicium,
960 1420 1083 1484 etiamsi
1103 1416 1261 1483 Pollionis
1283 1420 1423 1483 animum
1443 1440 1463 1483 a
1482 1419 1675 1508 malignitate
1695 1423 1833 1508 quadam

250 1543 379 1607 minime
399 1537 539 1605 alienum
558 1536 660 1602 fuisse
680 1544 850 1616 constaret,
872 1544 979 1601 tamen
1000 1531 1042 1599 ad
1063 1530 1249 1599 elevandam
1266 1530 1416 1600 Caesaris
1430 1529 1528 1599 fidem
1547 1535 1691 1616 multum,
1714 1536 1766 1604 vel
1785 1558 1834 1604 re-

254 1657 336 1721 ctius
352 1648 465 1734 dicam,
487 1653 620 1718 nimium
634 1649 761 1734 valant(
780 1656 804 1734 ).
1692 1632 1701 1647 ⁸

326 1827 332 1839 ,
407 1769 601 1835 Οοιανίαηω
624 1769 786 1856 Augustus
806 1762 848 1831 de
868 1768 935 1831 rita
955 1787 1015 1832 sua
1033 1755 1186 1841 tredecim
1206 1761 1297 1830 libris
1318 1761 1515 1830 Cantabrico
1534 1761 1623 1829 bello
1643 1771 1747 1845 tenus,
1773 1788 1835 1833 nec

253 1883 346 1961 ultra,
370 1884 519 1969 exposuit
535 1879 593 1964 (²).
637 1858 849 1966 Inscripserat
869 1901 926 1946 eoa
945 1879 1048 1946 libros
1069 1881 1233 1967 Agrippae
1253 1888 1285 1944 et
1299 1880 1489 1958 Maecenati,
1512 1876 1600 1944 unde
1619 1877 1702 1966 falso
1724 1902 1744 1945 a
1764 1884 1835 1966 qui-
1922 1876 1927 1883 “

254 1994 390 2062 busdam
410 1994 452 2058 ad
466 1996 687 2059 Maecenatem
708 2001 874 2059 auctorem
888 1993 981 2059 relati
996 2003 1072 2059 sunt
1083 1992 1141 2078 (³).
1187 1995 1304 2059 Latino
1320 2002 1435 2072 autem,
1458 2014 1526 2060 non
1542 1991 1672 2059 Graeco
1687 2014 1836 2062 sermone

254 2111 455 2195 conscriptos
470 2107 580 2188 luisse,
597 2129 697 2194 quum
713 2128 756 2179 ex
771 2107 931 2174 Suetonio
950 2113 993 2192 (c.
1003 2111 1072 2192 89.)
1087 2110 1297 2195 suspicamur,
1320 2107 1501 2194 Augustum
1517 2106 1693 2193 quidquam
1709 2107 1837 2175 Graece

254 2243 451 2311 componere
466 2242 580 2288 ausum
595 2230 741 2308 negante,
765 2231 832 2286 tum
847 2229 958 2308 aperte
973 2219 1092 2287 docent
1106 2221 1173 2286 loci
1188 2224 1314 2301 servati,
1336 2220 1426 2286 velut
1440 2221 1522 2287 Plin.
1538 2223 1579 2289 N.
1594 2223 1635 2288 Η.
1649 2228 1679 2303 2,
1695 2224 1746 2290 25.

406 2336 460 2400 De
480 2339 531 2398 M.
552 2336 708 2424 Vipsanis·
726 2337 892 2425 Agnppae
914 2337 1148 2401 commentariis
1166 2333 1264 2400 Plinii
1282 2334 1376 2400 locus
1399 2343 1448 2399 est
1461 2336 1503 2401 N.
1514 2337 1554 2401 H.
1566 2339 1598 2418 3,
1613 2343 1649 2413 23
1671 2347 1837 2424 praeterea

255 2449 448 2537 Philargyrii
467 2445 509 2513 ad
529 2446 896 2534 Virg.Georg.2,162:
917 2448 1082 2533 „Agrippa
1102 2451 1137 2513 in
1158 2447 1304 2513 secundo
1323 2451 1409 2514 vitae
1432 2470 1510 2514 suae
1530 2447 1617 2530 dicit,
1641 2455 1837 2538 excogitasse

256 2587 300 2644 se,
324 2574 360 2630 ut
375 2585 414 2629 ex
428 2564 572 2627 Lucrino
587 2560 661 2626 lacu
675 2569 805 2647 portum
819 2561 965 2626 laceret.”
1070 2576 1074 2584 '
1416 2548 1419 2554 ’

410 2674 558 2742 liberius
581 2675 704 2742 Caesar
723 2678 758 2742 iu
778 2696 910 2742 secessu
925 2669 1113 2761 Caprcensi,
1135 2683 1172 2742 ut
1186 2673 1323 2756 videtur,
1345 2662 1627 2757 „commentarium
1643 2675 1685 2744 de
1699 2682 1764 2745 vita
1779 2701 1838 2746 sua

255 2793 433 2860 summatim
452 2788 659 2875 breviterque
680 2791 888 2875 composuit'’
934 2788 1111 2854 Suetonius
1131 2787 1253 2873 aliquid
1276 2810 1315 2854 er
1338 2810 1378 2854 eo
1399 2789 1537 2855 allercns
1557 2788 1625 2856 tide
1646 2800 1751 2858 tamen
1770 2814 1839 2860 non

256 2911 333 2974 satis
356 2905 487 2996 dignum
510 2902 640 2970 iudicat
684 2899 833 2968 Eundem
855 2899 974 2966 librum
998 2899 1166 2989 designare
1186 2900 1322 2982 videtur,
1352 2924 1452 2988 quum
1472 2903 1691 2970 Domitianum
1711 2917 1839 2992 praeter

259 3021 504 3086 commentarios
524 3017 647 3083 Tiberii
669 3014 750 3082 nihil
769 3015 930 3082 lectitasse
950 3013 1037 3081 dicit
1084 3015 1124 3081 oi.
1140 3016 1229 3101 Suet
1244 3016 1317 3084 Tib.
1330 3019 1382 3084 61.
1405 3018 1587 3085 Domit20.
1610 3017 1684 3084 add.
1699 3019 1781 3088 Plio.
1797 3023 1838 3087 N.

203 3216 219 3235 Ι
258 3135 298 3199 ll.
313 3131 412 3199 index
426 3141 509 3198 auct
523 3131 544 3197 1.
555 3137 584 3196 2.
659 3143 662 3149 '
803 3154 807 3162 ·

409 3248 527 3334 Neque
542 3245 693 3313 mulieres
707 3245 749 3313 ab
764 3247 825 3312 bac
840 3243 1004 3312 scribendi
1018 3265 1119 3332 opera
1135 3243 1327 3312 abstinuisse
1343 3266 1382 3312 cx
1397 3248 1510 3312 Tacito
1526 3249 1758 3334 cognoscimus,
1782 3253 1840 3336 qui

258 3363 343 3428 Ann.
357 3360 387 3441 i,
404 3362 456 3441 53,
477 3360 535 3427 ubi
554 3360 597 3427 de
611 3362 789 3450 Agrippina
807 3363 955 3427 maritum
975 3382 995 3425 a
1010 3357 1143 3426 Tiberio
1163 3371 1320 3448 poscente
1336 3344 1455 3441 retulit,
1477 3363 1522 3427 ita
1536 3365 1653 3450 pergit:
1676 3362 1729 3443 „id
1745 3385 1840 3451 egos

168 3534 172 3539 .
259 3474 472 3561 scriptoribus
495 3474 658 3540 annalium
679 3495 749 3540 non
770 3474 922 3541 traditum
944 3477 1075 3562 repperi
1096 3477 1131 3540 in
1155 3479 1390 3541 commentariis
1410 3479 1612 3567 Agrippinae
1632 3476 1728 3560 filiae,
1756 3499 1840 3565 quae

258 3590 402 3656 Neronis
417 3591 572 3676 principis
587 3598 688 3654 mater
701 3592 799 3656 vitam
814 3612 903 3656 suam
918 3599 950 3656 et
965 3610 1059 3655 casus
1074 3611 1207 3656 suorum
1223 3593 1362 3678 posteris
1376 3593 1586 3666 memoravit”
1599 3590 1660 3678 (⁴).
1701 3661 1704 3670 ,

412 3703 569 3790 Sequitur
583 3701 736 3770 Claudius
753 3703 884 3784 Caesar,
907 3724 1003 3790 quem
1024 3703 1146 3770 devita
1161 3726 1220 3771 sua
1235 3715 1311 3772 octo
1327 3704 1492 3772 volumina
1506 3709 1604 3792 magis
1619 3709 1728 3792 inepte
1743 3726 1839 3791 quam

259 3818 455 3907 ineleganter
480 3820 649 3906 scripsisse
673 3818 772 3884 reiert
795 3819 884 3886 Suet.
909 3816 1025 3885 Claud.
1039 3821 1091 3884 41.
1136 3819 1189 3886 De
1211 3823 1339 3908 ineptiis
1362 3841 1430 3887 non
1454 3818 1650 3885 dubitamus:
1682 3823 1839 3887 sermonis

261 3931 447 4020 elegantiam
470 3955 513 4000 ne
533 3935 665 4001 Tacitus
689 3932 820 4019 quidem
842 3937 878 4000 in
901 3931 1042 4001 Claudio
1065 3936 1216 4020 requirit,
1245 3937 1395 4020 quotiens
1418 3932 1568 3998 meditata
1596 3930 1839 4002 dissererentur.

260 4048 447 4124 v.Ann.13,
463 4050 494 4112 ³.
620 4104 623 4109 .
1553 4120 1557 4129 ‚

412 4161 511 4227 Nerr.
530 4164 710 4227 Troianum
730 4184 815 4248 quae
836 4168 949 4227 contra
962 4160 1073 4227 Dacos
1094 4160 1230 4226 feliciter
1248 4163 1372 4248 egisset,
1394 4165 1501 4250 ipsum
1517 4165 1643 4249 seriptis
1663 4158 1840 4241 mandasse,

263 4274 423 4361 colligitur
448 4296 488 4341 ex
509 4275 677 4343 Prisciauo
696 4275 761 4356 lo,
776 4279 807 4342 3.
826 4278 876 4342 13.
908 4275 949 4340 oi.
964 4275 1061 4343 Plinii
1082 4275 1123 4341 ad
1144 4275 1317 4343 Caninium
1340 4274 1426 4342 idem
1446 4299 1531 4364 opus
1551 4275 1754 4342 meditantem
1775 4278 1842 4362 epi·

263 4387 346 4456 stola
362 4393 392 4468 8,
414 4389 444 4455 1.
607 4460 644 4543 q

300 4661 342 4735 (¹)
373 4659 556 4718 otomanus.
577 4680 607 4736 p.
618 4661 681 4721 751.
789 4663 833 4738 (²)
864 4663 940 4721 Suet.
954 4661 1019 4722 Oct.
1032 4669 1076 4720 85.
1098 4663 1162 4719 add.
1177 4663 1255 4719 Serv.
1270 4661 1351 4738 Virg.
1366 4660 1417 4718 ed.
1428 4667 1456 4724 9.
1470 4681 1497 4720 r.
1506 4657 1552 4723 17.
1583 4661 1842 4724 sedicionem

265 4762 338 4828 ΒΜ·
364 4745 496 4824 Ᾰῦἳῦυῖθς
513 4752 744 4827 Καῖσφ-ἳγραψι
761 4757 818 4830 ampl
835 4758 880 4812 soi
899 4754 965 4811 ilico
983 4755 1042 4824 βίον
1060 4756 1101 4810 suri
1119 4755 1165 4808 siis
1182 4744 1294 4826 aprigius
1312 4751 1408 4821 βιβλία
1425 4745 1465 4826 ty'.

301 4857 343 4932 (³)
372 4859 555 4918 cibleibom.
576 4860 663 4919 llaec.
684 4867 786 4937 pato.
898 4864 940 4938 (⁴)
970 4860 1459 4934 ct.vaoius‹tehist.1as.t,a⁵.

563 4995 577 5005 “
1534 4970 1560 5033 C
