<?xml version="1.0" encoding="UTF-8"?>
<!DOCTYPE html PUBLIC "-//W3C//DTD XHTML 1.0 Transitional//EN"
    "http://www.w3.org/TR/xhtml1/DTD/xhtml1-transitional.dtd">
<html xmlns="http://www.w3.org/1999/xhtml" xml:lang="en" lang="en">
 <head>
  <title>
</title>
<meta http-equiv="Content-Type" content="text/html;charset=utf-8" />
  <meta name='ocr-system' content='tesseract 3.04.00' />
  <meta name='ocr-capabilities' content='ocr_page ocr_carea ocr_par ocr_line ocrx_word'/>
</head>
<body>
  <div class='ocr_page' id='page_1' title='image "./commentatiodevi00wiesgoog_0043.png"; bbox 0 0 4178 5624; ppageno 0'>
   <div class='ocr_carea' id='block_1_1' title="bbox 1012 347 1062 422">
    <p class='ocr_par' dir='ltr' id='par_1_1' title="bbox 1012 347 1062 422">
     <span class='ocr_line' id='line_1_1' title="bbox 1012 347 1062 422; baseline 0 0"><span class='ocrx_word' id='word_1_1' title='bbox 1012 347 1062 422; x_wconf 87' lang='grc'>36</span> 
     </span>
    </p>
   </div>
   <div class='ocr_carea' id='block_1_2' title="bbox 919 460 1155 490">
    <p class='ocr_par' dir='ltr' id='par_1_2' title="bbox 919 460 1155 490">
     <span class='ocr_line' id='line_1_2' title="bbox 919 460 1155 490; baseline -0.004 0"><span class='ocrx_word' id='word_1_2' title='bbox 919 460 1155 490; x_wconf 63' lang='lat' dir='ltr'>mm</span> 
     </span>
    </p>
   </div>
   <div class='ocr_carea' id='block_1_3' title="bbox 183 616 1914 4008">
    <p class='ocr_par' dir='ltr' id='par_1_3' title="bbox 237 616 1895 2074">
     <span class='ocr_line' id='line_1_3' title="bbox 402 616 1895 711; baseline -0.006 -20"><span class='ocrx_word' id='word_1_3' title='bbox 402 624 576 711; x_wconf 82' lang='lat' dir='ltr'>Excipiunt</span> <span class='ocrx_word' id='word_1_4' title='bbox 593 617 780 689; x_wconf 82' lang='lat' dir='ltr'><strong>Suetonium</strong></span> <span class='ocrx_word' id='word_1_5' title='bbox 800 617 980 708; x_wconf 82' lang='lat' dir='ltr'>Scriptores</span> <span class='ocrx_word' id='word_1_6' title='bbox 1000 617 1166 682; x_wconf 76' lang='lat' dir='ltr'><em>Historiae</em></span> <span class='ocrx_word' id='word_1_7' title='bbox 1182 616 1347 706; x_wconf 79' lang='lat' dir='ltr'>Augustae</span> <span class='ocrx_word' id='word_1_8' title='bbox 1369 639 1433 698; x_wconf 84' lang='lat' dir='ltr'>ser,</span> <span class='ocrx_word' id='word_1_9' title='bbox 1457 639 1595 706; x_wconf 89' lang='lat' dir='ltr'>quorum</span> <span class='ocrx_word' id='word_1_10' title='bbox 1610 618 1839 688; x_wconf 83' lang='lat' dir='ltr'>voluminibus</span> <span class='ocrx_word' id='word_1_11' title='bbox 1891 674 1895 682; x_wconf 82' lang='grc'>,</span> 
     </span>
     <span class='ocr_line' id='line_1_4' title="bbox 253 728 1832 826; baseline -0.003 -19"><span class='ocrx_word' id='word_1_12' title='bbox 253 745 339 808; x_wconf 86' lang='lat' dir='ltr'>vitae</span> <span class='ocrx_word' id='word_1_13' title='bbox 359 741 590 826; x_wconf 78' lang='lat' dir='ltr'>Imperatorum</span> <span class='ocrx_word' id='word_1_14' title='bbox 608 735 684 802; x_wconf 93' lang='lat' dir='ltr'>inde</span> <span class='ocrx_word' id='word_1_15' title='bbox 704 732 745 799; x_wconf 88' lang='lat' dir='ltr'>ab</span> <span class='ocrx_word' id='word_1_16' title='bbox 766 730 931 799; x_wconf 87' lang='lat' dir='ltr'>Hadriano</span> <span class='ocrx_word' id='word_1_17' title='bbox 952 752 1056 816; x_wconf 89' lang='lat' dir='ltr'>usque</span> <span class='ocrx_word' id='word_1_18' title='bbox 1077 729 1117 812; x_wconf 90' lang='lat' dir='ltr'>ad</span> <span class='ocrx_word' id='word_1_19' title='bbox 1137 728 1293 797; x_wconf 82' lang='lat' dir='ltr'>Carinum</span> <span class='ocrx_word' id='word_1_20' title='bbox 1313 734 1637 819; x_wconf 87' lang='lat' dir='ltr'>comprehenduntur.</span> <span class='ocrx_word' id='word_1_21' title='bbox 1682 735 1832 802; x_wconf 89' lang='lat' dir='ltr'>Prodnnt</span> 
     </span>
     <span class='ocr_line' id='line_1_5' title="bbox 251 845 1832 940; baseline -0.002 -19"><span class='ocrx_word' id='word_1_22' title='bbox 251 856 285 922; x_wconf 92' lang='lat' dir='ltr'>hi</span> <span class='ocrx_word' id='word_1_23' title='bbox 305 853 380 920; x_wconf 89' lang='lat' dir='ltr'>libri</span> <span class='ocrx_word' id='word_1_24' title='bbox 400 849 635 940; x_wconf 84' lang='lat' dir='ltr'>propemodum</span> <span class='ocrx_word' id='word_1_25' title='bbox 654 868 766 915; x_wconf 88' lang='lat' dir='ltr'>omnes</span> <span class='ocrx_word' id='word_1_26' title='bbox 780 856 899 912; x_wconf 85' lang='lat' dir='ltr'>tantam</span> <span class='ocrx_word' id='word_1_27' title='bbox 913 848 1033 934; x_wconf 89' lang='lat' dir='ltr'>ingenii</span> <span class='ocrx_word' id='word_1_28' title='bbox 1048 845 1304 925; x_wconf 75' lang='lat' dir='ltr'>imbecillitatem,</span> <span class='ocrx_word' id='word_1_29' title='bbox 1327 855 1364 912; x_wconf 92' lang='lat' dir='ltr'>nt</span> <span class='ocrx_word' id='word_1_30' title='bbox 1378 847 1541 933; x_wconf 79' lang='lat' dir='ltr'>neglectae</span> <span class='ocrx_word' id='word_1_31' title='bbox 1555 853 1651 916; x_wconf 89' lang='lat' dir='ltr'>tertio</span> <span class='ocrx_word' id='word_1_32' title='bbox 1668 859 1700 916; x_wconf 90' lang='lat' dir='ltr'>et</span> <span class='ocrx_word' id='word_1_33' title='bbox 1714 859 1832 936; x_wconf 89' lang='lat' dir='ltr'>quarto</span> 
     </span>
     <span class='ocr_line' id='line_1_6' title="bbox 250 959 1833 1058; baseline -0.003 -23"><span class='ocrx_word' id='word_1_34' title='bbox 250 977 328 1058; x_wconf 91' lang='lat' dir='ltr'>post</span> <span class='ocrx_word' id='word_1_35' title='bbox 343 967 421 1035; x_wconf 88' lang='lat' dir='ltr'>Chr.</span> <span class='ocrx_word' id='word_1_36' title='bbox 437 965 568 1033; x_wconf 84' lang='lat' dir='ltr'>saeculo</span> <span class='ocrx_word' id='word_1_37' title='bbox 584 961 774 1030; x_wconf 90' lang='lat' dir='ltr'>eruditionis</span> <span class='ocrx_word' id='word_1_38' title='bbox 791 970 822 1026; x_wconf 92' lang='lat' dir='ltr'>et</span> <span class='ocrx_word' id='word_1_39' title='bbox 837 963 913 1026; x_wconf 87' lang='lat' dir='ltr'>artis</span> <span class='ocrx_word' id='word_1_40' title='bbox 930 964 1031 1026; x_wconf 86' lang='lat' dir='ltr'>maius</span> <span class='ocrx_word' id='word_1_41' title='bbox 1048 959 1276 1028; x_wconf 88' lang='lat' dir='ltr'>documentum</span> <span class='ocrx_word' id='word_1_42' title='bbox 1289 963 1343 1026; x_wconf 84' lang='lat' dir='ltr'>vix</span> <span class='ocrx_word' id='word_1_43' title='bbox 1358 964 1545 1047; x_wconf 88' lang='lat' dir='ltr'>reperiatur.</span> <span class='ocrx_word' id='word_1_44' title='bbox 1590 964 1686 1030; x_wconf 89' lang='lat' dir='ltr'>Unus</span> <span class='ocrx_word' id='word_1_45' title='bbox 1701 963 1748 1030; x_wconf 84' lang='lat' dir='ltr'>Pl.</span> <span class='ocrx_word' id='word_1_46' title='bbox 1759 966 1833 1030; x_wconf 85' lang='lat' dir='ltr'>Vo-</span> 
     </span>
     <span class='ocr_line' id='line_1_7' title="bbox 250 1059 1832 1171; baseline -0.003 -23"><span class='ocrx_word' id='word_1_47' title='bbox 250 1086 361 1171; x_wconf 87' lang='lat' dir='ltr'>piscus</span> <span class='ocrx_word' id='word_1_48' title='bbox 382 1081 592 1169; x_wconf 86' lang='lat' dir='ltr'>prudentiore</span> <span class='ocrx_word' id='word_1_49' title='bbox 612 1079 661 1142; x_wconf 91' lang='lat' dir='ltr'>rei</span> <span class='ocrx_word' id='word_1_50' title='bbox 679 1075 896 1143; x_wconf 81' lang='lat' dir='ltr'>instituendae</span> <span class='ocrx_word' id='word_1_51' title='bbox 916 1079 1050 1155; x_wconf 91' lang='lat' dir='ltr'>ratione,</span> <span class='ocrx_word' id='word_1_52' title='bbox 1074 1096 1222 1140; x_wconf 83' lang='lat' dir='ltr'>sermone</span> <span class='ocrx_word' id='word_1_53' title='bbox 1243 1084 1348 1139; x_wconf 93' lang='lat' dir='ltr'>autem</span> <span class='ocrx_word' id='word_1_54' title='bbox 1369 1074 1534 1159; x_wconf 87' lang='lat' dir='ltr'>aliquanto</span> <span class='ocrx_word' id='word_1_55' title='bbox 1553 1079 1652 1162; x_wconf 83' lang='lat' dir='ltr'>magis</span> <span class='ocrx_word' id='word_1_56' title='bbox 1669 1059 1832 1145; x_wconf 78' lang='lat' dir='ltr'>custodito</span> 
     </span>
     <span class='ocr_line' id='line_1_8' title="bbox 251 1187 1832 1276; baseline -0.003 -12"><span class='ocrx_word' id='word_1_57' title='bbox 251 1208 379 1264; x_wconf 91' lang='lat' dir='ltr'>ceteros</span> <span class='ocrx_word' id='word_1_58' title='bbox 405 1192 575 1261; x_wconf 87' lang='lat' dir='ltr'>antecellit.</span> <span class='ocrx_word' id='word_1_59' title='bbox 625 1189 692 1256; x_wconf 86' lang='lat' dir='ltr'>Sed</span> <span class='ocrx_word' id='word_1_60' title='bbox 719 1200 800 1276; x_wconf 92' lang='lat' dir='ltr'>quot</span> <span class='ocrx_word' id='word_1_61' title='bbox 824 1193 937 1256; x_wconf 91' lang='lat' dir='ltr'>harum</span> <span class='ocrx_word' id='word_1_62' title='bbox 963 1193 1099 1255; x_wconf 88' lang='lat' dir='ltr'>vitarum</span> <span class='ocrx_word' id='word_1_63' title='bbox 1123 1198 1272 1254; x_wconf 89' lang='lat' dir='ltr'>auctores</span> <span class='ocrx_word' id='word_1_64' title='bbox 1295 1187 1430 1274; x_wconf 89' lang='lat' dir='ltr'>putandi</span> <span class='ocrx_word' id='word_1_65' title='bbox 1453 1193 1530 1269; x_wconf 91' lang='lat' dir='ltr'>sint,</span> <span class='ocrx_word' id='word_1_66' title='bbox 1559 1209 1673 1276; x_wconf 88' lang='lat' dir='ltr'>parum</span> <span class='ocrx_word' id='word_1_67' title='bbox 1697 1201 1832 1272; x_wconf 85' lang='lat' dir='ltr'>constat,</span> 
     </span>
     <span class='ocr_line' id='line_1_9' title="bbox 252 1301 1834 1398; baseline -0.003 -20"><span class='ocrx_word' id='word_1_68' title='bbox 252 1334 353 1398; x_wconf 92' lang='lat' dir='ltr'>quum</span> <span class='ocrx_word' id='word_1_69' title='bbox 379 1307 460 1373; x_wconf 90' lang='lat' dir='ltr'>illud</span> <span class='ocrx_word' id='word_1_70' title='bbox 484 1304 537 1371; x_wconf 86' lang='lat' dir='ltr'>vel</span> <span class='ocrx_word' id='word_1_71' title='bbox 563 1307 700 1391; x_wconf 91' lang='lat' dir='ltr'>primum</span> <span class='ocrx_word' id='word_1_72' title='bbox 724 1308 908 1391; x_wconf 91' lang='lat' dir='ltr'>inspicienti</span> <span class='ocrx_word' id='word_1_73' title='bbox 933 1303 1142 1390; x_wconf 80' lang='lat' dir='ltr'>intelligatur,</span> <span class='ocrx_word' id='word_1_74' title='bbox 1171 1301 1212 1366; x_wconf 91' lang='lat' dir='ltr'>ad</span> <span class='ocrx_word' id='word_1_75' title='bbox 1236 1304 1391 1367; x_wconf 87' lang='lat' dir='ltr'>minorem</span> <span class='ocrx_word' id='word_1_76' title='bbox 1413 1324 1580 1369; x_wconf 91' lang='lat' dir='ltr'>numerum</span> <span class='ocrx_word' id='word_1_77' title='bbox 1601 1325 1662 1370; x_wconf 90' lang='lat' dir='ltr'>eos</span> <span class='ocrx_word' id='word_1_78' title='bbox 1685 1306 1834 1393; x_wconf 88' lang='lat' dir='ltr'>redigen·</span> 
     </span>
     <span class='ocr_line' id='line_1_10' title="bbox 251 1402 1836 1506; baseline -0.004 -13"><span class='ocrx_word' id='word_1_79' title='bbox 251 1423 314 1492; x_wconf 91' lang='lat' dir='ltr'>dos</span> <span class='ocrx_word' id='word_1_80' title='bbox 335 1442 420 1497; x_wconf 89' lang='lat' dir='ltr'>esse;</span> <span class='ocrx_word' id='word_1_81' title='bbox 443 1417 627 1506; x_wconf 90' lang='lat' dir='ltr'>nequedum</span> <span class='ocrx_word' id='word_1_82' title='bbox 646 1427 722 1504; x_wconf 90' lang='lat' dir='ltr'>post</span> <span class='ocrx_word' id='word_1_83' title='bbox 737 1417 905 1505; x_wconf 83' lang='lat' dir='ltr'>diligentes</span> <span class='ocrx_word' id='word_1_84' title='bbox 921 1402 1149 1501; x_wconf 65' lang='lat' dir='ltr'>Dodwelli‘(¹)</span> <span class='ocrx_word' id='word_1_85' title='bbox 1166 1426 1197 1481; x_wconf 92' lang='lat' dir='ltr'>et</span> <span class='ocrx_word' id='word_1_86' title='bbox 1212 1417 1333 1502; x_wconf 84' lang='lat' dir='ltr'>Heynii</span> <span class='ocrx_word' id='word_1_87' title='bbox 1343 1415 1395 1500; x_wconf 77' lang='lat'>(²)</span> <span class='ocrx_word' id='word_1_88' title='bbox 1412 1439 1505 1483; x_wconf 90' lang='lat' dir='ltr'>curas</span> <span class='ocrx_word' id='word_1_89' title='bbox 1522 1439 1559 1483; x_wconf 90' lang='lat' dir='ltr'>ea</span> <span class='ocrx_word' id='word_1_90' title='bbox 1575 1421 1723 1503; x_wconf 87' lang='lat' dir='ltr'>quaestio</span> <span class='ocrx_word' id='word_1_91' title='bbox 1739 1418 1836 1486; x_wconf 86' lang='lat' dir='ltr'>abso·</span> 
     </span>
     <span class='ocr_line' id='line_1_11' title="bbox 237 1529 1835 1625; baseline -0.001 -25"><span class='ocrx_word' id='word_1_92' title='bbox 237 1537 320 1601; x_wconf 88' lang='lat' dir='ltr'>&#39;luta</span> <span class='ocrx_word' id='word_1_93' title='bbox 341 1545 398 1600; x_wconf 92' lang='lat' dir='ltr'>est.</span> <span class='ocrx_word' id='word_1_94' title='bbox 445 1533 606 1600; x_wconf 87' lang='lat' dir='ltr'>Codicum</span> <span class='ocrx_word' id='word_1_95' title='bbox 631 1554 695 1619; x_wconf 93' lang='lat' dir='ltr'>ope</span> <span class='ocrx_word' id='word_1_96' title='bbox 719 1554 819 1618; x_wconf 93' lang='lat' dir='ltr'>quum</span> <span class='ocrx_word' id='word_1_97' title='bbox 841 1536 876 1598; x_wconf 93' lang='lat' dir='ltr'>in</span> <span class='ocrx_word' id='word_1_98' title='bbox 898 1533 960 1597; x_wconf 91' lang='lat' dir='ltr'>hac</span> <span class='ocrx_word' id='word_1_99' title='bbox 981 1554 1017 1597; x_wconf 93' lang='lat' dir='ltr'>re</span> <span class='ocrx_word' id='word_1_100' title='bbox 1060 1531 1132 1596; x_wconf 93' lang='lat' dir='ltr'>lane</span> <span class='ocrx_word' id='word_1_101' title='bbox 1154 1529 1365 1611; x_wconf 89' lang='lat' dir='ltr'>destituimur,</span> <span class='ocrx_word' id='word_1_102' title='bbox 1389 1553 1427 1625; x_wconf 77' lang='lat' dir='ltr'>er</span> <span class='ocrx_word' id='word_1_103' title='bbox 1447 1531 1656 1598; x_wconf 90' lang='lat' dir='ltr'>interioribus</span> <span class='ocrx_word' id='word_1_104' title='bbox 1676 1532 1835 1600; x_wconf 89' lang='lat' dir='ltr'>librorum</span> 
     </span>
     <span class='ocr_line' id='line_1_12' title="bbox 251 1554 1836 1734; baseline -0.001 -19"><span class='ocrx_word' id='word_1_105' title='bbox 251 1638 433 1715; x_wconf 82' lang='lat' dir='ltr'>rationibus</span> <span class='ocrx_word' id='word_1_106' title='bbox 453 1645 661 1713; x_wconf 87' lang='lat' dir='ltr'>iudicandum</span> <span class='ocrx_word' id='word_1_107' title='bbox 681 1649 750 1712; x_wconf 89' lang='lat' dir='ltr'>erit.</span> <span class='ocrx_word' id='word_1_108' title='bbox 772 1685 813 1697; x_wconf 94' lang='lat'><em>-</em></span> <span class='ocrx_word' id='word_1_109' title='bbox 852 1645 1016 1712; x_wconf 89' lang='lat' dir='ltr'>Trebellio</span> <span class='ocrx_word' id='word_1_110' title='bbox 1031 1554 1182 1711; x_wconf 58' lang='lat' dir='ltr'>llollione</span> <span class='ocrx_word' id='word_1_111' title='bbox 1204 1655 1236 1709; x_wconf 90' lang='lat' dir='ltr'>et</span> <span class='ocrx_word' id='word_1_112' title='bbox 1251 1645 1338 1710; x_wconf 89' lang='lat' dir='ltr'>Flav.</span> <span class='ocrx_word' id='word_1_113' title='bbox 1356 1648 1505 1732; x_wconf 90' lang='lat' dir='ltr'>Vopisco</span> <span class='ocrx_word' id='word_1_114' title='bbox 1528 1656 1613 1712; x_wconf 83' lang='lat' dir='ltr'>extra</span> <span class='ocrx_word' id='word_1_115' title='bbox 1630 1646 1836 1734; x_wconf 90' lang='lat' dir='ltr'>disceptatio·</span> 
     </span>
     <span class='ocr_line' id='line_1_13' title="bbox 251 1758 1836 1849; baseline -0.004 -19"><span class='ocrx_word' id='word_1_116' title='bbox 251 1783 326 1830; x_wconf 90' lang='lat' dir='ltr'>nem</span> <span class='ocrx_word' id='word_1_117' title='bbox 347 1765 470 1849; x_wconf 91' lang='lat' dir='ltr'>positis,</span> <span class='ocrx_word' id='word_1_118' title='bbox 500 1782 640 1847; x_wconf 88' lang='lat' dir='ltr'>qnorum</span> <span class='ocrx_word' id='word_1_119' title='bbox 660 1760 859 1827; x_wconf 85' lang='lat' dir='ltr'>indubitatae</span> <span class='ocrx_word' id='word_1_120' title='bbox 879 1764 913 1826; x_wconf 90' lang='lat' dir='ltr'>in</span> <span class='ocrx_word' id='word_1_121' title='bbox 933 1762 983 1826; x_wconf 90' lang='lat' dir='ltr'>his</span> <span class='ocrx_word' id='word_1_122' title='bbox 1004 1758 1095 1824; x_wconf 90' lang='lat' dir='ltr'>libris</span> <span class='ocrx_word' id='word_1_123' title='bbox 1115 1769 1224 1847; x_wconf 89' lang='lat' dir='ltr'>partes</span> <span class='ocrx_word' id='word_1_124' title='bbox 1244 1769 1328 1839; x_wconf 90' lang='lat' dir='ltr'>sunt,</span> <span class='ocrx_word' id='word_1_125' title='bbox 1351 1764 1456 1847; x_wconf 91' lang='lat' dir='ltr'>primo</span> <span class='ocrx_word' id='word_1_126' title='bbox 1479 1759 1520 1826; x_wconf 94' lang='lat' dir='ltr'>de</span> <span class='ocrx_word' id='word_1_127' title='bbox 1541 1771 1682 1847; x_wconf 83' lang='lat' dir='ltr'>quatuor</span> <span class='ocrx_word' id='word_1_128' title='bbox 1701 1761 1836 1845; x_wconf 89' lang='lat' dir='ltr'>reliquis</span> 
     </span>
     <span class='ocr_line' id='line_1_14' title="bbox 253 1873 1836 1965; baseline -0.002 -23"><span class='ocrx_word' id='word_1_129' title='bbox 253 1898 391 1965; x_wconf 85' lang='lat' dir='ltr'>agamus.</span> <span class='ocrx_word' id='word_1_130' title='bbox 437 1876 546 1962; x_wconf 84' lang='lat' dir='ltr'>Atque</span> <span class='ocrx_word' id='word_1_131' title='bbox 570 1877 603 1940; x_wconf 91' lang='lat' dir='ltr'>hi</span> <span class='ocrx_word' id='word_1_132' title='bbox 625 1878 711 1942; x_wconf 89' lang='lat' dir='ltr'>iusto</span> <span class='ocrx_word' id='word_1_133' title='bbox 734 1875 848 1943; x_wconf 89' lang='lat' dir='ltr'>ordine</span> <span class='ocrx_word' id='word_1_134' title='bbox 870 1897 905 1940; x_wconf 88' lang='lat' dir='ltr'>se</span> <span class='ocrx_word' id='word_1_135' title='bbox 924 1897 992 1941; x_wconf 94' lang='lat' dir='ltr'>non</span> <span class='ocrx_word' id='word_1_136' title='bbox 1014 1877 1190 1960; x_wconf 85' lang='lat' dir='ltr'>excipiunt,</span> <span class='ocrx_word' id='word_1_137' title='bbox 1218 1873 1276 1940; x_wconf 93' lang='lat' dir='ltr'>sed</span> <span class='ocrx_word' id='word_1_138' title='bbox 1297 1873 1461 1940; x_wconf 91' lang='lat' dir='ltr'>scribendi</span> <span class='ocrx_word' id='word_1_139' title='bbox 1481 1879 1568 1940; x_wconf 89' lang='lat' dir='ltr'>vices</span> <span class='ocrx_word' id='word_1_140' title='bbox 1588 1878 1677 1941; x_wconf 89' lang='lat' dir='ltr'>varie</span> <span class='ocrx_word' id='word_1_141' title='bbox 1698 1877 1781 1940; x_wconf 90' lang='lat' dir='ltr'>inter</span> <span class='ocrx_word' id='word_1_142' title='bbox 1799 1895 1836 1939; x_wconf 93' lang='lat' dir='ltr'>se</span> 
     </span>
     <span class='ocr_line' id='line_1_15' title="bbox 256 1987 1632 2074; baseline -0.003 -18"><span class='ocrx_word' id='word_1_143' title='bbox 256 1999 458 2068; x_wconf 86' lang='lat' dir='ltr'>commutant,</span> <span class='ocrx_word' id='word_1_144' title='bbox 480 1993 524 2055; x_wconf 87' lang='lat' dir='ltr'>ita</span> <span class='ocrx_word' id='word_1_145' title='bbox 539 2000 645 2055; x_wconf 91' lang='lat' dir='ltr'>tamen</span> <span class='ocrx_word' id='word_1_146' title='bbox 659 1999 696 2054; x_wconf 92' lang='lat' dir='ltr'>nt</span> <span class='ocrx_word' id='word_1_147' title='bbox 710 1990 780 2055; x_wconf 91' lang='lat' dir='ltr'>Ael.</span> <span class='ocrx_word' id='word_1_148' title='bbox 792 1991 953 2074; x_wconf 88' lang='lat' dir='ltr'>Spartiani</span> <span class='ocrx_word' id='word_1_149' title='bbox 969 1997 1001 2052; x_wconf 93' lang='lat' dir='ltr'>et</span> <span class='ocrx_word' id='word_1_150' title='bbox 1014 1990 1046 2052; x_wconf 88' lang='lat' dir='ltr'>J.</span> <span class='ocrx_word' id='word_1_151' title='bbox 1060 1987 1237 2072; x_wconf 86' lang='lat' dir='ltr'>Capitolini</span> <span class='ocrx_word' id='word_1_152' title='bbox 1252 1991 1354 2052; x_wconf 88' lang='lat' dir='ltr'>maior</span> <span class='ocrx_word' id='word_1_153' title='bbox 1369 1993 1477 2074; x_wconf 91' lang='lat' dir='ltr'>operis</span> <span class='ocrx_word' id='word_1_154' title='bbox 1492 2012 1567 2074; x_wconf 88' lang='lat' dir='ltr'>pars</span> <span class='ocrx_word' id='word_1_155' title='bbox 1583 1995 1632 2054; x_wconf 90' lang='lat' dir='ltr'>sit.</span> 
     </span>
    </p>

    <p class='ocr_par' dir='ltr' id='par_1_4' title="bbox 183 2099 1914 4008">
     <span class='ocr_line' id='line_1_16' title="bbox 408 2099 1837 2190; baseline -0.002 -21"><span class='ocrx_word' id='word_1_156' title='bbox 408 2100 536 2169; x_wconf 90' lang='lat' dir='ltr'>Ordine</span> <span class='ocrx_word' id='word_1_157' title='bbox 555 2105 677 2189; x_wconf 90' lang='lat' dir='ltr'>primus</span> <span class='ocrx_word' id='word_1_158' title='bbox 700 2112 748 2168; x_wconf 90' lang='lat' dir='ltr'>est</span> <span class='ocrx_word' id='word_1_159' title='bbox 764 2101 835 2167; x_wconf 87' lang='lat' dir='ltr'>Ael.</span> <span class='ocrx_word' id='word_1_160' title='bbox 856 2103 1064 2190; x_wconf 83' lang='lat' dir='ltr'>Spartianus,</span> <span class='ocrx_word' id='word_1_161' title='bbox 1088 2102 1145 2186; x_wconf 93' lang='lat' dir='ltr'>qui</span> <span class='ocrx_word' id='word_1_162' title='bbox 1164 2099 1205 2164; x_wconf 92' lang='lat' dir='ltr'>ad</span> <span class='ocrx_word' id='word_1_163' title='bbox 1227 2099 1304 2186; x_wconf 89' lang='lat' dir='ltr'>Imp.</span> <span class='ocrx_word' id='word_1_164' title='bbox 1320 2100 1561 2166; x_wconf 88' lang='lat' dir='ltr'>Diocletianum</span> <span class='ocrx_word' id='word_1_165' title='bbox 1578 2099 1741 2179; x_wconf 84' lang='lat' dir='ltr'>Hadriani,</span> <span class='ocrx_word' id='word_1_166' title='bbox 1765 2101 1837 2166; x_wconf 85' lang='lat' dir='ltr'>Ael.</span> 
     </span>
     <span class='ocr_line' id='line_1_17' title="bbox 255 2213 1839 2302; baseline -0.002 -20"><span class='ocrx_word' id='word_1_167' title='bbox 255 2221 345 2296; x_wconf 83' lang='lat' dir='ltr'>Veri,</span> <span class='ocrx_word' id='word_1_168' title='bbox 367 2215 444 2281; x_wconf 91' lang='lat' dir='ltr'>Did.</span> <span class='ocrx_word' id='word_1_169' title='bbox 462 2215 595 2296; x_wconf 88' lang='lat' dir='ltr'>Juliani,</span> <span class='ocrx_word' id='word_1_170' title='bbox 617 2217 739 2296; x_wconf 84' lang='lat' dir='ltr'>Severi,</span> <span class='ocrx_word' id='word_1_171' title='bbox 762 2217 934 2281; x_wconf 91' lang='lat' dir='ltr'>Pescennii</span> <span class='ocrx_word' id='word_1_172' title='bbox 948 2216 1043 2302; x_wconf 89' lang='lat' dir='ltr'>Nigri</span> <span class='ocrx_word' id='word_1_173' title='bbox 1058 2217 1139 2279; x_wconf 89' lang='lat' dir='ltr'>vitas</span> <span class='ocrx_word' id='word_1_174' title='bbox 1155 2216 1355 2300; x_wconf 85' lang='lat' dir='ltr'>perscripsit;</span> <span class='ocrx_word' id='word_1_175' title='bbox 1379 2215 1535 2280; x_wconf 92' lang='lat' dir='ltr'>Antonin.</span> <span class='ocrx_word' id='word_1_176' title='bbox 1556 2213 1660 2281; x_wconf 89' lang='lat' dir='ltr'>Getae</span> <span class='ocrx_word' id='word_1_177' title='bbox 1682 2213 1724 2279; x_wconf 90' lang='lat' dir='ltr'>ad</span> <span class='ocrx_word' id='word_1_178' title='bbox 1748 2213 1839 2281; x_wconf 92' lang='lat' dir='ltr'>Con·</span> 
     </span>
     <span class='ocr_line' id='line_1_18' title="bbox 255 2324 1837 2418; baseline -0.003 -21"><span class='ocrx_word' id='word_1_179' title='bbox 255 2334 429 2397; x_wconf 89' lang='lat' dir='ltr'>stantinum</span> <span class='ocrx_word' id='word_1_180' title='bbox 445 2331 535 2418; x_wconf 85' lang='lat' dir='ltr'>Aug.;</span> <span class='ocrx_word' id='word_1_181' title='bbox 561 2324 704 2397; x_wconf 85' lang='lat' dir='ltr'>eiusdem</span> <span class='ocrx_word' id='word_1_182' title='bbox 725 2340 774 2396; x_wconf 90' lang='lat' dir='ltr'>est</span> <span class='ocrx_word' id='word_1_183' title='bbox 789 2331 863 2395; x_wconf 93' lang='lat' dir='ltr'>Ant.</span> <span class='ocrx_word' id='word_1_184' title='bbox 877 2327 1080 2396; x_wconf 81' lang='lat' dir='ltr'>Caracallus:</span> <span class='ocrx_word' id='word_1_185' title='bbox 1103 2351 1176 2395; x_wconf 93' lang='lat' dir='ltr'>nam</span> <span class='ocrx_word' id='word_1_186' title='bbox 1195 2330 1309 2394; x_wconf 92' lang='lat' dir='ltr'>horum</span> <span class='ocrx_word' id='word_1_187' title='bbox 1326 2327 1465 2394; x_wconf 90' lang='lat' dir='ltr'>duorum</span> <span class='ocrx_word' id='word_1_188' title='bbox 1480 2350 1548 2395; x_wconf 92' lang='lat' dir='ltr'>non</span> <span class='ocrx_word' id='word_1_189' title='bbox 1564 2331 1672 2395; x_wconf 88' lang='lat' dir='ltr'>varios</span> <span class='ocrx_word' id='word_1_190' title='bbox 1687 2337 1837 2394; x_wconf 85' lang='lat' dir='ltr'>auctores</span> 
     </span>
     <span class='ocr_line' id='line_1_19' title="bbox 256 2442 1839 2529; baseline -0.004 -16"><span class='ocrx_word' id='word_1_191' title='bbox 256 2468 328 2513; x_wconf 90' lang='lat' dir='ltr'>esse</span> <span class='ocrx_word' id='word_1_192' title='bbox 348 2467 387 2512; x_wconf 85' lang='lat' dir='ltr'>ex</span> <span class='ocrx_word' id='word_1_193' title='bbox 405 2444 496 2511; x_wconf 89' lang='lat' dir='ltr'>libris</span> <span class='ocrx_word' id='word_1_194' title='bbox 512 2449 596 2512; x_wconf 90' lang='lat' dir='ltr'>inter</span> <span class='ocrx_word' id='word_1_195' title='bbox 611 2467 647 2512; x_wconf 92' lang='lat' dir='ltr'>se</span> <span class='ocrx_word' id='word_1_196' title='bbox 663 2445 786 2512; x_wconf 89' lang='lat' dir='ltr'>collatis</span> <span class='ocrx_word' id='word_1_197' title='bbox 801 2447 996 2529; x_wconf 87' lang='lat' dir='ltr'>perspicitur</span> <span class='ocrx_word' id='word_1_198' title='bbox 1007 2442 1065 2524; x_wconf 78' lang='lat'>(³).</span> <span class='ocrx_word' id='word_1_199' title='bbox 1110 2445 1213 2508; x_wconf 91' lang='lat' dir='ltr'>Etiam</span> <span class='ocrx_word' id='word_1_200' title='bbox 1229 2446 1381 2528; x_wconf 90' lang='lat' dir='ltr'>priorum,</span> <span class='ocrx_word' id='word_1_201' title='bbox 1405 2447 1463 2529; x_wconf 94' lang='lat' dir='ltr'>qui</span> <span class='ocrx_word' id='word_1_202' title='bbox 1477 2442 1643 2510; x_wconf 89' lang='lat' dir='ltr'>Hadriano</span> <span class='ocrx_word' id='word_1_203' title='bbox 1659 2453 1839 2510; x_wconf 87' lang='lat' dir='ltr'>antecesse-</span> 
     </span>
     <span class='ocr_line' id='line_1_20' title="bbox 256 2554 1840 2642; baseline -0.002 -18"><span class='ocrx_word' id='word_1_204' title='bbox 256 2569 342 2636; x_wconf 90' lang='lat' dir='ltr'>runt,</span> <span class='ocrx_word' id='word_1_205' title='bbox 364 2559 595 2642; x_wconf 86' lang='lat' dir='ltr'>Imperatorum</span> <span class='ocrx_word' id='word_1_206' title='bbox 610 2560 691 2620; x_wconf 88' lang='lat' dir='ltr'>vitas</span> <span class='ocrx_word' id='word_1_207' title='bbox 707 2556 748 2621; x_wconf 92' lang='lat' dir='ltr'>ab</span> <span class='ocrx_word' id='word_1_208' title='bbox 765 2578 804 2621; x_wconf 89' lang='lat' dir='ltr'>eo</span> <span class='ocrx_word' id='word_1_209' title='bbox 820 2563 961 2620; x_wconf 90' lang='lat' dir='ltr'>narratas</span> <span class='ocrx_word' id='word_1_210' title='bbox 979 2554 1087 2633; x_wconf 82' lang='lat' dir='ltr'>luisse,</span> <span class='ocrx_word' id='word_1_211' title='bbox 1104 2558 1210 2639; x_wconf 90' lang='lat' dir='ltr'>ipsum</span> <span class='ocrx_word' id='word_1_212' title='bbox 1224 2565 1336 2620; x_wconf 89' lang='lat' dir='ltr'>testem</span> <span class='ocrx_word' id='word_1_213' title='bbox 1352 2557 1505 2621; x_wconf 90' lang='lat' dir='ltr'>habemns</span> <span class='ocrx_word' id='word_1_214' title='bbox 1520 2561 1574 2621; x_wconf 87' lang='lat' dir='ltr'>vit.</span> <span class='ocrx_word' id='word_1_215' title='bbox 1590 2557 1660 2621; x_wconf 90' lang='lat' dir='ltr'>Ael.</span> <span class='ocrx_word' id='word_1_216' title='bbox 1673 2560 1752 2622; x_wconf 86' lang='lat' dir='ltr'>Ver.</span> <span class='ocrx_word' id='word_1_217' title='bbox 1765 2578 1792 2622; x_wconf 90' lang='lat' dir='ltr'>o.</span> <span class='ocrx_word' id='word_1_218' title='bbox 1803 2560 1840 2636; x_wconf 90' lang='lat' dir='ltr'>l.,</span> 
     </span>
     <span class='ocr_line' id='line_1_21' title="bbox 257 2652 1914 2758; baseline 0 -23"><span class='ocrx_word' id='word_1_219' title='bbox 257 2691 324 2756; x_wconf 95' lang='lat' dir='ltr'>quo</span> <span class='ocrx_word' id='word_1_220' title='bbox 344 2669 420 2735; x_wconf 93' lang='lat' dir='ltr'>loco</span> <span class='ocrx_word' id='word_1_221' title='bbox 441 2669 596 2756; x_wconf 91' lang='lat' dir='ltr'>ampliora</span> <span class='ocrx_word' id='word_1_222' title='bbox 616 2667 780 2735; x_wconf 89' lang='lat' dir='ltr'>scribendi</span> <span class='ocrx_word' id='word_1_223' title='bbox 801 2666 935 2735; x_wconf 74' lang='lat' dir='ltr'>comilis</span> <span class='ocrx_word' id='word_1_224' title='bbox 954 2671 1085 2754; x_wconf 90' lang='lat' dir='ltr'>aperit(</span> <span class='ocrx_word' id='word_1_225' title='bbox 1106 2673 1129 2750; x_wconf 91' lang='lat'>).</span> <span class='ocrx_word' id='word_1_226' title='bbox 1152 2706 1192 2718; x_wconf 93' lang='lat'><em>-</em></span> <span class='ocrx_word' id='word_1_227' title='bbox 1231 2667 1298 2734; x_wconf 82' lang='lat' dir='ltr'>Jnl.</span> <span class='ocrx_word' id='word_1_228' title='bbox 1322 2667 1521 2758; x_wconf 79' lang='lat' dir='ltr'>Capitolinos</span> <span class='ocrx_word' id='word_1_229' title='bbox 1543 2667 1584 2734; x_wconf 89' lang='lat' dir='ltr'>ad</span> <span class='ocrx_word' id='word_1_230' title='bbox 1598 2669 1839 2736; x_wconf 87' lang='lat' dir='ltr'>Diocletianum</span> <span class='ocrx_word' id='word_1_231' title='bbox 1910 2652 1914 2657; x_wconf 36' lang='lat'>¹</span> 
     </span>
     <span class='ocr_line' id='line_1_22' title="bbox 256 2781 1841 2880; baseline 0.002 -32"><span class='ocrx_word' id='word_1_232' title='bbox 256 2787 338 2850; x_wconf 85' lang='lat' dir='ltr'>vitas</span> <span class='ocrx_word' id='word_1_233' title='bbox 358 2786 515 2850; x_wconf 85' lang='lat' dir='ltr'>Antonini</span> <span class='ocrx_word' id='word_1_234' title='bbox 536 2785 595 2862; x_wconf 92' lang='lat' dir='ltr'>Pii,</span> <span class='ocrx_word' id='word_1_235' title='bbox 618 2781 816 2869; x_wconf 89' lang='lat' dir='ltr'>Philosophi,</span> <span class='ocrx_word' id='word_1_236' title='bbox 839 2782 875 2846; x_wconf 88' lang='lat' dir='ltr'>L.</span> <span class='ocrx_word' id='word_1_237' title='bbox 887 2784 977 2860; x_wconf 89' lang='lat' dir='ltr'>Veri,</span> <span class='ocrx_word' id='word_1_238' title='bbox 1000 2783 1186 2861; x_wconf 87' lang='lat' dir='ltr'>Pertinacis,</span> <span class='ocrx_word' id='word_1_239' title='bbox 1209 2781 1321 2847; x_wconf 92' lang='lat' dir='ltr'>Albini</span> <span class='ocrx_word' id='word_1_240' title='bbox 1335 2785 1428 2847; x_wconf 88' lang='lat' dir='ltr'>misit.</span> <span class='ocrx_word' id='word_1_241' title='bbox 1449 2786 1463 2797; x_wconf 84' lang='grc'>“’</span> <span class='ocrx_word' id='word_1_242' title='bbox 1474 2783 1607 2880; x_wconf 81' lang='lat' dir='ltr'>Praeter</span> <span class='ocrx_word' id='word_1_243' title='bbox 1621 2784 1678 2849; x_wconf 87' lang='lat' dir='ltr'>has</span> <span class='ocrx_word' id='word_1_244' title='bbox 1695 2787 1764 2850; x_wconf 89' lang='lat' dir='ltr'>eius</span> <span class='ocrx_word' id='word_1_245' title='bbox 1780 2805 1841 2850; x_wconf 92' lang='lat' dir='ltr'>no-</span> 
     </span>
     <span class='ocr_line' id='line_1_23' title="bbox 256 2895 1840 2986; baseline -0.002 -21"><span class='ocrx_word' id='word_1_246' title='bbox 256 2902 333 2965; x_wconf 88' lang='lat' dir='ltr'>mini</span> <span class='ocrx_word' id='word_1_247' title='bbox 350 2901 551 2986; x_wconf 87' lang='lat' dir='ltr'>assignantur</span> <span class='ocrx_word' id='word_1_248' title='bbox 566 2899 741 2976; x_wconf 85' lang='lat' dir='ltr'>Macrinus,</span> <span class='ocrx_word' id='word_1_249' title='bbox 764 2897 927 2961; x_wconf 88' lang='lat' dir='ltr'>Maximini</span> <span class='ocrx_word' id='word_1_250' title='bbox 945 2896 1021 2975; x_wconf 93' lang='lat' dir='ltr'>duo,</span> <span class='ocrx_word' id='word_1_251' title='bbox 1046 2895 1206 2962; x_wconf 89' lang='lat' dir='ltr'>Gordiani</span> <span class='ocrx_word' id='word_1_252' title='bbox 1222 2905 1286 2961; x_wconf 92' lang='lat' dir='ltr'>tres</span> <span class='ocrx_word' id='word_1_253' title='bbox 1303 2895 1343 2962; x_wconf 92' lang='lat' dir='ltr'>ad</span> <span class='ocrx_word' id='word_1_254' title='bbox 1361 2895 1609 2963; x_wconf 91' lang='lat' dir='ltr'>Constantinum</span> <span class='ocrx_word' id='word_1_255' title='bbox 1625 2900 1706 2985; x_wconf 88' lang='lat' dir='ltr'>Aug.</span> <span class='ocrx_word' id='word_1_256' title='bbox 1721 2902 1840 2980; x_wconf 84' lang='lat' dir='ltr'>(ineer-</span> 
     </span>
     <span class='ocr_line' id='line_1_24' title="bbox 258 3009 1839 3097; baseline -0.001 -19"><span class='ocrx_word' id='word_1_257' title='bbox 258 3023 325 3078; x_wconf 90' lang='lat' dir='ltr'>tum</span> <span class='ocrx_word' id='word_1_258' title='bbox 345 3022 453 3078; x_wconf 92' lang='lat' dir='ltr'>utrum</span> <span class='ocrx_word' id='word_1_259' title='bbox 473 3013 611 3097; x_wconf 86' lang='lat' dir='ltr'>Magnus</span> <span class='ocrx_word' id='word_1_260' title='bbox 631 3014 660 3075; x_wconf 92' lang='lat' dir='ltr'>is</span> <span class='ocrx_word' id='word_1_261' title='bbox 681 3013 731 3089; x_wconf 89' lang='lat' dir='ltr'>sit,</span> <span class='ocrx_word' id='word_1_262' title='bbox 754 3031 796 3074; x_wconf 92' lang='lat' dir='ltr'>an</span> <span class='ocrx_word' id='word_1_263' title='bbox 812 3013 881 3074; x_wconf 92' lang='lat' dir='ltr'>eius</span> <span class='ocrx_word' id='word_1_264' title='bbox 897 3015 1018 3094; x_wconf 88' lang='lat' dir='ltr'>pater);</span> <span class='ocrx_word' id='word_1_265' title='bbox 1041 3010 1199 3074; x_wconf 86' lang='lat' dir='ltr'>Maximus</span> <span class='ocrx_word' id='word_1_266' title='bbox 1215 3019 1247 3074; x_wconf 91' lang='lat' dir='ltr'>et</span> <span class='ocrx_word' id='word_1_267' title='bbox 1260 3009 1425 3075; x_wconf 90' lang='lat' dir='ltr'>Balbinus.</span> <span class='ocrx_word' id='word_1_268' title='bbox 1471 3012 1550 3077; x_wconf 91' lang='lat' dir='ltr'>Post</span> <span class='ocrx_word' id='word_1_269' title='bbox 1565 3013 1744 3077; x_wconf 87' lang='lat' dir='ltr'>Macrinum</span> <span class='ocrx_word' id='word_1_270' title='bbox 1760 3014 1839 3077; x_wconf 89' lang='lat' dir='ltr'>Dia-</span> 
     </span>
     <span class='ocr_line' id='line_1_25' title="bbox 259 3120 1841 3212; baseline 0 -22"><span class='ocrx_word' id='word_1_271' title='bbox 259 3125 417 3190; x_wconf 91' lang='lat' dir='ltr'>dumenus</span> <span class='ocrx_word' id='word_1_272' title='bbox 442 3122 513 3188; x_wconf 84' lang='lat' dir='ltr'>Ael.</span> <span class='ocrx_word' id='word_1_273' title='bbox 536 3120 727 3212; x_wconf 83' lang='lat' dir='ltr'>Lampridio</span> <span class='ocrx_word' id='word_1_274' title='bbox 750 3120 952 3201; x_wconf 89' lang='lat' dir='ltr'>adscribitur,</span> <span class='ocrx_word' id='word_1_275' title='bbox 976 3144 1075 3208; x_wconf 91' lang='lat' dir='ltr'>quum</span> <span class='ocrx_word' id='word_1_276' title='bbox 1095 3131 1199 3187; x_wconf 89' lang='lat' dir='ltr'>tamen</span> <span class='ocrx_word' id='word_1_277' title='bbox 1220 3125 1389 3209; x_wconf 90' lang='lat' dir='ltr'>utriusque</span> <span class='ocrx_word' id='word_1_278' title='bbox 1408 3123 1485 3189; x_wconf 91' lang='lat' dir='ltr'>libri</span> <span class='ocrx_word' id='word_1_279' title='bbox 1506 3125 1599 3190; x_wconf 79' lang='lat' dir='ltr'>facile</span> <span class='ocrx_word' id='word_1_280' title='bbox 1619 3125 1703 3191; x_wconf 92' lang='lat' dir='ltr'>idem</span> <span class='ocrx_word' id='word_1_281' title='bbox 1725 3136 1841 3191; x_wconf 87' lang='lat' dir='ltr'>auctor</span> 
     </span>
     <span class='ocr_line' id='line_1_26' title="bbox 260 3234 1840 3330; baseline -0.001 -25"><span class='ocrx_word' id='word_1_282' title='bbox 260 3246 459 3327; x_wconf 86' lang='lat' dir='ltr'>agnoscatur,</span> <span class='ocrx_word' id='word_1_283' title='bbox 475 3258 583 3324; x_wconf 92' lang='lat' dir='ltr'>neque</span> <span class='ocrx_word' id='word_1_284' title='bbox 598 3234 776 3302; x_wconf 91' lang='lat' dir='ltr'>secundum</span> <span class='ocrx_word' id='word_1_285' title='bbox 791 3257 918 3302; x_wconf 92' lang='lat' dir='ltr'>omnem</span> <span class='ocrx_word' id='word_1_286' title='bbox 934 3258 1044 3303; x_wconf 93' lang='lat' dir='ltr'>eorum</span> <span class='ocrx_word' id='word_1_287' title='bbox 1060 3236 1217 3304; x_wconf 87' lang='lat' dir='ltr'>librorum</span> <span class='ocrx_word' id='word_1_288' title='bbox 1232 3235 1407 3330; x_wconf 58' lang='lat' dir='ltr'>indolens</span> <span class='ocrx_word' id='word_1_289' title='bbox 1420 3236 1589 3304; x_wconf 90' lang='lat' dir='ltr'>Caracallo</span> <span class='ocrx_word' id='word_1_290' title='bbox 1605 3239 1761 3323; x_wconf 90' lang='lat' dir='ltr'>usquead</span> <span class='ocrx_word' id='word_1_291' title='bbox 1774 3241 1840 3304; x_wconf 89' lang='lat' dir='ltr'>He·</span> 
     </span>
     <span class='ocr_line' id='line_1_27' title="bbox 259 3349 1841 3439; baseline 0 -20"><span class='ocrx_word' id='word_1_292' title='bbox 259 3352 454 3439; x_wconf 89' lang='lat' dir='ltr'>liogabalum</span> <span class='ocrx_word' id='word_1_293' title='bbox 474 3350 585 3437; x_wconf 90' lang='lat' dir='ltr'>plures</span> <span class='ocrx_word' id='word_1_294' title='bbox 606 3353 781 3436; x_wconf 85' lang='lat' dir='ltr'>scriptores</span> <span class='ocrx_word' id='word_1_295' title='bbox 801 3349 997 3438; x_wconf 86' lang='lat' dir='ltr'>distinguere</span> <span class='ocrx_word' id='word_1_296' title='bbox 1011 3350 1107 3416; x_wconf 91' lang='lat' dir='ltr'>liceat</span> <span class='ocrx_word' id='word_1_297' title='bbox 1118 3350 1180 3434; x_wconf 83' lang='lat'>(⁵).</span> <span class='ocrx_word' id='word_1_298' title='bbox 1226 3349 1317 3435; x_wconf 87' lang='lat' dir='ltr'>Quid</span> <span class='ocrx_word' id='word_1_299' title='bbox 1332 3350 1448 3416; x_wconf 84' lang='lat' dir='ltr'>multa?</span> <span class='ocrx_word' id='word_1_300' title='bbox 1470 3351 1512 3416; x_wconf 89' lang='lat' dir='ltr'>lis</span> <span class='ocrx_word' id='word_1_301' title='bbox 1529 3354 1598 3417; x_wconf 89' lang='lat' dir='ltr'>sine</span> <span class='ocrx_word' id='word_1_302' title='bbox 1614 3349 1716 3418; x_wconf 90' lang='lat' dir='ltr'>dubio</span> <span class='ocrx_word' id='word_1_303' title='bbox 1732 3374 1841 3419; x_wconf 88' lang='lat' dir='ltr'>assen-</span> 
     </span>
     <span class='ocr_line' id='line_1_28' title="bbox 261 3463 1840 3553; baseline 0.002 -24"><span class='ocrx_word' id='word_1_304' title='bbox 261 3464 405 3530; x_wconf 91' lang='lat' dir='ltr'>tiendum</span> <span class='ocrx_word' id='word_1_305' title='bbox 426 3474 482 3543; x_wconf 93' lang='lat' dir='ltr'>est,</span> <span class='ocrx_word' id='word_1_306' title='bbox 510 3467 567 3551; x_wconf 93' lang='lat' dir='ltr'>qui</span> <span class='ocrx_word' id='word_1_307' title='bbox 588 3463 658 3530; x_wconf 91' lang='lat' dir='ltr'>Ael.</span> <span class='ocrx_word' id='word_1_308' title='bbox 675 3464 876 3552; x_wconf 89' lang='lat' dir='ltr'>Spartianum</span> <span class='ocrx_word' id='word_1_309' title='bbox 900 3464 941 3530; x_wconf 91' lang='lat' dir='ltr'>ab</span> <span class='ocrx_word' id='word_1_310' title='bbox 963 3465 1034 3531; x_wconf 86' lang='lat' dir='ltr'>Ael.</span> <span class='ocrx_word' id='word_1_311' title='bbox 1054 3465 1239 3553; x_wconf 88' lang='lat' dir='ltr'>Lampridio</span> <span class='ocrx_word' id='word_1_312' title='bbox 1263 3465 1424 3530; x_wconf 86' lang='lat' dir='ltr'>diversum</span> <span class='ocrx_word' id='word_1_313' title='bbox 1450 3471 1519 3531; x_wconf 85' lang='lat' dir='ltr'>sion</span> <span class='ocrx_word' id='word_1_314' title='bbox 1547 3488 1618 3533; x_wconf 92' lang='lat' dir='ltr'>esse</span> <span class='ocrx_word' id='word_1_315' title='bbox 1647 3477 1774 3553; x_wconf 88' lang='lat' dir='ltr'>putant,</span> <span class='ocrx_word' id='word_1_316' title='bbox 1804 3479 1840 3532; x_wconf 91' lang='lat' dir='ltr'>ut</span> 
     </span>
     <span class='ocr_line' id='line_1_29' title="bbox 260 3578 1839 3669; baseline 0.002 -26"><span class='ocrx_word' id='word_1_317' title='bbox 260 3579 358 3644; x_wconf 85' lang='lat' dir='ltr'>luerit</span> <span class='ocrx_word' id='word_1_318' title='bbox 377 3578 513 3644; x_wconf 85' lang='lat' dir='ltr'>fortasse</span> <span class='ocrx_word' id='word_1_319' title='bbox 533 3579 663 3664; x_wconf 91' lang='lat' dir='ltr'>plenum</span> <span class='ocrx_word' id='word_1_320' title='bbox 685 3582 754 3644; x_wconf 91' lang='lat' dir='ltr'>eius</span> <span class='ocrx_word' id='word_1_321' title='bbox 774 3601 893 3646; x_wconf 91' lang='lat' dir='ltr'>nomen</span> <span class='ocrx_word' id='word_1_322' title='bbox 908 3579 978 3645; x_wconf 94' lang='lat' dir='ltr'>Ael.</span> <span class='ocrx_word' id='word_1_323' title='bbox 990 3580 1192 3668; x_wconf 88' lang='lat' dir='ltr'>Lampridius</span> <span class='ocrx_word' id='word_1_324' title='bbox 1208 3581 1406 3666; x_wconf 86' lang='lat' dir='ltr'>Spartianus.</span> <span class='ocrx_word' id='word_1_325' title='bbox 1445 3580 1515 3645; x_wconf 92' lang='lat' dir='ltr'>Ael.</span> <span class='ocrx_word' id='word_1_326' title='bbox 1527 3581 1745 3669; x_wconf 87' lang='lat' dir='ltr'>Lampridium</span> <span class='ocrx_word' id='word_1_327' title='bbox 1766 3604 1839 3646; x_wconf 92' lang='lat' dir='ltr'>cum</span> 
     </span>
     <span class='ocr_line' id='line_1_30' title="bbox 261 3692 1841 3781; baseline 0.001 -22"><span class='ocrx_word' id='word_1_328' title='bbox 261 3695 294 3759; x_wconf 81' lang='lat' dir='ltr'>J.</span> <span class='ocrx_word' id='word_1_329' title='bbox 307 3692 494 3781; x_wconf 91' lang='lat' dir='ltr'>Capitolino</span> <span class='ocrx_word' id='word_1_330' title='bbox 515 3695 599 3758; x_wconf 89' lang='lat' dir='ltr'>inter</span> <span class='ocrx_word' id='word_1_331' title='bbox 614 3713 680 3771; x_wconf 92' lang='lat' dir='ltr'>eos,</span> <span class='ocrx_word' id='word_1_332' title='bbox 704 3715 842 3779; x_wconf 90' lang='lat' dir='ltr'>quorum</span> <span class='ocrx_word' id='word_1_333' title='bbox 859 3694 1035 3780; x_wconf 85' lang='lat' dir='ltr'>exemplum</span> <span class='ocrx_word' id='word_1_334' title='bbox 1050 3705 1213 3780; x_wconf 89' lang='lat' dir='ltr'>sequatur,</span> <span class='ocrx_word' id='word_1_335' title='bbox 1235 3693 1346 3759; x_wconf 91' lang='lat' dir='ltr'>laudat</span> <span class='ocrx_word' id='word_1_336' title='bbox 1361 3693 1407 3758; x_wconf 89' lang='lat' dir='ltr'>Fl.</span> <span class='ocrx_word' id='word_1_337' title='bbox 1420 3695 1586 3781; x_wconf 87' lang='lat' dir='ltr'>Vopiscus</span> <span class='ocrx_word' id='word_1_338' title='bbox 1602 3694 1699 3761; x_wconf 91' lang='lat' dir='ltr'>Proh.</span> <span class='ocrx_word' id='word_1_339' title='bbox 1710 3700 1749 3772; x_wconf 81' lang='lat'>2,</span> <span class='ocrx_word' id='word_1_340' title='bbox 1773 3716 1841 3778; x_wconf 93' lang='lat' dir='ltr'>quo</span> 
     </span>
     <span class='ocr_line' id='line_1_31' title="bbox 261 3805 1840 3895; baseline 0 -23"><span class='ocrx_word' id='word_1_341' title='bbox 261 3806 337 3874; x_wconf 91' lang='lat' dir='ltr'>loco</span> <span class='ocrx_word' id='word_1_342' title='bbox 353 3811 387 3874; x_wconf 93' lang='lat' dir='ltr'>in</span> <span class='ocrx_word' id='word_1_343' title='bbox 402 3828 517 3895; x_wconf 82' lang='lat' dir='ltr'>magno</span> <span class='ocrx_word' id='word_1_344' title='bbox 534 3809 627 3873; x_wconf 89' lang='lat' dir='ltr'>etiam</span> <span class='ocrx_word' id='word_1_345' title='bbox 641 3805 790 3872; x_wconf 87' lang='lat' dir='ltr'>viliorum</span> <span class='ocrx_word' id='word_1_346' title='bbox 806 3829 941 3874; x_wconf 89' lang='lat' dir='ltr'>numero</span> <span class='ocrx_word' id='word_1_347' title='bbox 957 3809 1026 3874; x_wconf 89' lang='lat' dir='ltr'>Ael</span> <span class='ocrx_word' id='word_1_348' title='bbox 1040 3808 1201 3893; x_wconf 90' lang='lat' dir='ltr'>Spartiani</span> <span class='ocrx_word' id='word_1_349' title='bbox 1216 3812 1335 3874; x_wconf 93' lang='lat' dir='ltr'>mentio</span> <span class='ocrx_word' id='word_1_350' title='bbox 1350 3829 1418 3874; x_wconf 93' lang='lat' dir='ltr'>non</span> <span class='ocrx_word' id='word_1_351' title='bbox 1435 3818 1491 3873; x_wconf 85' lang='lat' dir='ltr'>est</span> <span class='ocrx_word' id='word_1_352' title='bbox 1536 3810 1654 3892; x_wconf 90' lang='lat' dir='ltr'>Neque</span> <span class='ocrx_word' id='word_1_353' title='bbox 1671 3805 1840 3872; x_wconf 82' lang='lat' dir='ltr'>Vulcatius</span> 
     </span>
     <span class='ocr_line' id='line_1_32' title="bbox 183 3919 1842 4008; baseline 0.001 -24"><span class='ocrx_word' id='word_1_354' title='bbox 183 3966 185 3969; x_wconf 28' lang='grc' dir='ltr'>ψ</span> <span class='ocrx_word' id='word_1_355' title='bbox 265 3920 453 3988; x_wconf 82' lang='lat' dir='ltr'>Gallicanas</span> <span class='ocrx_word' id='word_1_356' title='bbox 474 3925 544 3988; x_wconf 90' lang='lat' dir='ltr'>sine</span> <span class='ocrx_word' id='word_1_357' title='bbox 566 3923 785 3989; x_wconf 88' lang='lat' dir='ltr'>controversia</span> <span class='ocrx_word' id='word_1_358' title='bbox 805 3920 912 3987; x_wconf 91' lang='lat' dir='ltr'>locum</span> <span class='ocrx_word' id='word_1_359' title='bbox 932 3943 1025 3986; x_wconf 91' lang='lat' dir='ltr'>suum</span> <span class='ocrx_word' id='word_1_360' title='bbox 1047 3919 1214 3985; x_wconf 87' lang='lat' dir='ltr'>obtinebit.</span> <span class='ocrx_word' id='word_1_361' title='bbox 1252 3921 1363 4008; x_wconf 90' lang='lat' dir='ltr'>Vulgo</span> <span class='ocrx_word' id='word_1_362' title='bbox 1380 3921 1421 3987; x_wconf 88' lang='lat' dir='ltr'>ad</span> <span class='ocrx_word' id='word_1_363' title='bbox 1437 3943 1510 3987; x_wconf 90' lang='lat' dir='ltr'>eum</span> <span class='ocrx_word' id='word_1_364' title='bbox 1525 3930 1689 3988; x_wconf 86' lang='lat' dir='ltr'>auctorem</span> <span class='ocrx_word' id='word_1_365' title='bbox 1704 3921 1842 3987; x_wconf 81' lang='lat' dir='ltr'>retertur</span> 
     </span>
    </p>
   </div>
   <div class='ocr_carea' id='block_1_4' title="bbox 245 4212 1602 4314">
    <p class='ocr_par' dir='ltr' id='par_1_5' title="bbox 245 4212 1602 4314">
     <span class='ocr_line' id='line_1_33' title="bbox 245 4212 1602 4314; baseline -0.002 -22"><span class='ocrx_word' id='word_1_366' title='bbox 245 4283 249 4296; x_wconf 83' lang='grc'>,</span> <span class='ocrx_word' id='word_1_367' title='bbox 301 4235 343 4308; x_wconf 89' lang='lat'>(¹)</span> <span class='ocrx_word' id='word_1_368' title='bbox 374 4212 517 4291; x_wconf 75' lang='lat' dir='ltr'>Praelectt.</span> <span class='ocrx_word' id='word_1_369' title='bbox 534 4229 812 4291; x_wconf 76' lang='lat' dir='ltr'>cambdenianinit.</span> <span class='ocrx_word' id='word_1_370' title='bbox 924 4234 966 4308; x_wconf 84' lang='lat'>(¹)</span> <span class='ocrx_word' id='word_1_371' title='bbox 997 4232 1120 4294; x_wconf 85' lang='lat' dir='ltr'>Censura</span> <span class='ocrx_word' id='word_1_372' title='bbox 1138 4237 1246 4312; x_wconf 84' lang='lat' dir='ltr'>seriptt.</span> <span class='ocrx_word' id='word_1_373' title='bbox 1262 4237 1299 4292; x_wconf 91' lang='lat' dir='ltr'>ll.</span> <span class='ocrx_word' id='word_1_374' title='bbox 1315 4238 1351 4292; x_wconf 94' lang='lat' dir='ltr'>A.</span> <span class='ocrx_word' id='word_1_375' title='bbox 1367 4235 1471 4314; x_wconf 89' lang='lat' dir='ltr'>Opusc.</span> <span class='ocrx_word' id='word_1_376' title='bbox 1487 4235 1602 4293; x_wconf 82' lang='lat' dir='ltr'>aesd.6.</span> 
     </span>
    </p>
   </div>
   <div class='ocr_carea' id='block_1_5' title="bbox 265 4357 1845 4799">
    <p class='ocr_par' dir='ltr' id='par_1_6' title="bbox 265 4357 1845 4799">
     <span class='ocr_line' id='line_1_34' title="bbox 302 4357 1841 4438; baseline 0.002 -22"><span class='ocrx_word' id='word_1_377' title='bbox 302 4360 343 4434; x_wconf 83' lang='lat'>(³)</span> <span class='ocrx_word' id='word_1_378' title='bbox 373 4381 400 4416; x_wconf 87' lang='lat' dir='ltr'>r.</span> <span class='ocrx_word' id='word_1_379' title='bbox 419 4359 536 4416; x_wconf 85' lang='lat' dir='ltr'>Salmas.</span> <span class='ocrx_word' id='word_1_380' title='bbox 555 4360 590 4415; x_wconf 89' lang='lat' dir='ltr'>ad</span> <span class='ocrx_word' id='word_1_381' title='bbox 608 4357 708 4416; x_wconf 73' lang='lat' dir='ltr'>Gets.</span> <span class='ocrx_word' id='word_1_382' title='bbox 821 4360 862 4433; x_wconf 60' lang='grc' dir='ltr'>(Ἴ</span> <span class='ocrx_word' id='word_1_383' title='bbox 894 4361 930 4417; x_wconf 86' lang='lat' dir='ltr'>cf.</span> <span class='ocrx_word' id='word_1_384' title='bbox 951 4364 1012 4421; x_wconf 76' lang='lat' dir='ltr'>ol:</span> <span class='ocrx_word' id='word_1_385' title='bbox 1033 4362 1086 4433; x_wconf 89' lang='lat' dir='ltr'>„de</span> <span class='ocrx_word' id='word_1_386' title='bbox 1104 4363 1180 4422; x_wconf 84' lang='lat' dir='ltr'>Vero</span> <span class='ocrx_word' id='word_1_387' title='bbox 1198 4364 1301 4420; x_wconf 79' lang='lat' dir='ltr'>idcireo</span> <span class='ocrx_word' id='word_1_388' title='bbox 1319 4382 1377 4420; x_wconf 91' lang='lat' dir='ltr'>non</span> <span class='ocrx_word' id='word_1_389' title='bbox 1396 4364 1479 4426; x_wconf 88' lang='lat' dir='ltr'>tacui,</span> <span class='ocrx_word' id='word_1_390' title='bbox 1498 4361 1563 4434; x_wconf 88' lang='lat' dir='ltr'>quia</span> <span class='ocrx_word' id='word_1_391' title='bbox 1582 4358 1651 4415; x_wconf 88' lang='lat' dir='ltr'>mihi</span> <span class='ocrx_word' id='word_1_392' title='bbox 1670 4363 1841 4438; x_wconf 85' lang='lat' dir='ltr'>propositum</span> 
     </span>
     <span class='ocr_line' id='line_1_35' title="bbox 265 4445 1845 4530; baseline 0.001 -23"><span class='ocrx_word' id='word_1_393' title='bbox 265 4451 319 4507; x_wconf 80' lang='lat' dir='ltr'>tuit</span> <span class='ocrx_word' id='word_1_394' title='bbox 342 4470 453 4518; x_wconf 88' lang='lat' dir='ltr'>ornnes,</span> <span class='ocrx_word' id='word_1_395' title='bbox 481 4451 530 4526; x_wconf 91' lang='lat' dir='ltr'>qui</span> <span class='ocrx_word' id='word_1_396' title='bbox 549 4461 612 4526; x_wconf 91' lang='lat' dir='ltr'>post</span> <span class='ocrx_word' id='word_1_397' title='bbox 631 4448 776 4509; x_wconf 82' lang='lat' dir='ltr'>Caesarem</span> <span class='ocrx_word' id='word_1_398' title='bbox 794 4450 967 4518; x_wconf 88' lang='lat' dir='ltr'>dictatorem,</span> <span class='ocrx_word' id='word_1_399' title='bbox 996 4449 1049 4508; x_wconf 91' lang='lat' dir='ltr'>hoc</span> <span class='ocrx_word' id='word_1_400' title='bbox 1071 4463 1112 4508; x_wconf 89' lang='lat' dir='ltr'>est</span> <span class='ocrx_word' id='word_1_401' title='bbox 1128 4453 1233 4510; x_wconf 88' lang='lat' dir='ltr'>Dirum</span> <span class='ocrx_word' id='word_1_402' title='bbox 1252 4452 1365 4518; x_wconf 91' lang='lat' dir='ltr'>Iulium,</span> <span class='ocrx_word' id='word_1_403' title='bbox 1391 4445 1580 4530; x_wconf 41' lang='lat' dir='ltr'>regitanam</span> <span class='ocrx_word' id='word_1_404' title='bbox 1599 4448 1642 4506; x_wconf 86' lang='lat' dir='ltr'>vel</span> <span class='ocrx_word' id='word_1_405' title='bbox 1661 4454 1780 4529; x_wconf 82' lang='lat' dir='ltr'>Augusti</span> <span class='ocrx_word' id='word_1_406' title='bbox 1799 4451 1845 4508; x_wconf 79' lang='lat' dir='ltr'>vet</span> 
     </span>
     <span class='ocr_line' id='line_1_36' title="bbox 266 4538 1842 4618; baseline 0.002 -25"><span class='ocrx_word' id='word_1_407' title='bbox 266 4540 408 4617; x_wconf 81' lang='lat' dir='ltr'>Principes</span> <span class='ocrx_word' id='word_1_408' title='bbox 426 4540 556 4618; x_wconf 89' lang='lat' dir='ltr'>appellati</span> <span class='ocrx_word' id='word_1_409' title='bbox 574 4553 651 4610; x_wconf 90' lang='lat' dir='ltr'>sunt,</span> <span class='ocrx_word' id='word_1_410' title='bbox 676 4541 780 4617; x_wconf 88' lang='lat' dir='ltr'>quique</span> <span class='ocrx_word' id='word_1_411' title='bbox 797 4541 828 4597; x_wconf 91' lang='lat' dir='ltr'>in</span> <span class='ocrx_word' id='word_1_412' title='bbox 846 4539 1023 4617; x_wconf 86' lang='lat' dir='ltr'>adoptionem</span> <span class='ocrx_word' id='word_1_413' title='bbox 1042 4555 1187 4612; x_wconf 81' lang='lat' dir='ltr'>venerunt,</span> <span class='ocrx_word' id='word_1_414' title='bbox 1211 4542 1253 4600; x_wconf 84' lang='lat' dir='ltr'>rel</span> <span class='ocrx_word' id='word_1_415' title='bbox 1270 4543 1473 4616; x_wconf 88' lang='lat' dir='ltr'>Imperatorum</span> <span class='ocrx_word' id='word_1_416' title='bbox 1491 4538 1544 4596; x_wconf 84' lang='lat' dir='ltr'>filii</span> <span class='ocrx_word' id='word_1_417' title='bbox 1562 4552 1610 4597; x_wconf 84' lang='lat' dir='ltr'>aut</span> <span class='ocrx_word' id='word_1_418' title='bbox 1628 4554 1753 4617; x_wconf 86' lang='lat' dir='ltr'>parentes</span> <span class='ocrx_word' id='word_1_419' title='bbox 1771 4540 1842 4600; x_wconf 87' lang='lat' dir='ltr'>Cae·</span> 
     </span>
     <span class='ocr_line' id='line_1_37' title="bbox 266 4630 1843 4710; baseline 0.003 -26"><span class='ocrx_word' id='word_1_420' title='bbox 266 4646 358 4690; x_wconf 80' lang='lat' dir='ltr'>sarum</span> <span class='ocrx_word' id='word_1_421' title='bbox 377 4633 489 4688; x_wconf 90' lang='lat' dir='ltr'>nominc</span> <span class='ocrx_word' id='word_1_422' title='bbox 506 4633 657 4690; x_wconf 85' lang='lat' dir='ltr'>consecrati</span> <span class='ocrx_word' id='word_1_423' title='bbox 675 4644 752 4700; x_wconf 86' lang='lat' dir='ltr'>sunt,</span> <span class='ocrx_word' id='word_1_424' title='bbox 771 4630 886 4709; x_wconf 88' lang='lat' dir='ltr'>singulis</span> <span class='ocrx_word' id='word_1_425' title='bbox 903 4631 981 4690; x_wconf 87' lang='lat' dir='ltr'>libris</span> <span class='ocrx_word' id='word_1_426' title='bbox 1000 4653 1136 4710; x_wconf 88' lang='lat' dir='ltr'>exponere</span> <span class='ocrx_word' id='word_1_427' title='bbox 1156 4652 1231 4690; x_wconf 82' lang='lat' dir='ltr'>meae</span> <span class='ocrx_word' id='word_1_428' title='bbox 1249 4631 1416 4689; x_wconf 76' lang='lat' dir='ltr'>satisfaciens</span> <span class='ocrx_word' id='word_1_429' title='bbox 1439 4631 1631 4700; x_wconf 85' lang='lat' dir='ltr'>conscientiae,</span> <span class='ocrx_word' id='word_1_430' title='bbox 1651 4632 1756 4690; x_wconf 86' lang='lat' dir='ltr'>etiamsi</span> <span class='ocrx_word' id='word_1_431' title='bbox 1769 4631 1843 4689; x_wconf 87' lang='lat' dir='ltr'>mul·</span> 
     </span>
     <span class='ocr_line' id='line_1_38' title="bbox 268 4718 902 4799; baseline 0.006 -24"><span class='ocrx_word' id='word_1_432' title='bbox 268 4719 303 4775; x_wconf 87' lang='lat' dir='ltr'>tis</span> <span class='ocrx_word' id='word_1_433' title='bbox 322 4718 397 4774; x_wconf 87' lang='lat' dir='ltr'>nulla</span> <span class='ocrx_word' id='word_1_434' title='bbox 415 4722 452 4778; x_wconf 88' lang='lat' dir='ltr'>sit</span> <span class='ocrx_word' id='word_1_435' title='bbox 468 4724 614 4782; x_wconf 78' lang='lat' dir='ltr'>necessitas</span> <span class='ocrx_word' id='word_1_436' title='bbox 632 4721 697 4780; x_wconf 84' lang='lat' dir='ltr'>talia</span> <span class='ocrx_word' id='word_1_437' title='bbox 715 4723 902 4799; x_wconf 86' lang='lat' dir='ltr'>requirendi.”</span> 
     </span>
    </p>
   </div>
   <div class='ocr_carea' id='block_1_6' title="bbox 304 4841 1080 4916">
    <p class='ocr_par' dir='ltr' id='par_1_7' title="bbox 304 4841 1080 4916">
     <span class='ocr_line' id='line_1_39' title="bbox 304 4841 1080 4916; baseline 0.004 -16"><span class='ocrx_word' id='word_1_438' title='bbox 304 4843 346 4916; x_wconf 82' lang='lat'>(⁸)</span> <span class='ocrx_word' id='word_1_439' title='bbox 377 4842 413 4899; x_wconf 86' lang='lat' dir='ltr'>cl.</span> <span class='ocrx_word' id='word_1_440' title='bbox 427 4841 540 4900; x_wconf 81' lang='lat' dir='ltr'>Salmas.</span> <span class='ocrx_word' id='word_1_441' title='bbox 556 4849 591 4903; x_wconf 85' lang='lat' dir='ltr'>ad</span> <span class='ocrx_word' id='word_1_442' title='bbox 603 4849 722 4907; x_wconf 88' lang='lat' dir='ltr'>Macrin.</span> <span class='ocrx_word' id='word_1_443' title='bbox 734 4856 760 4905; x_wconf 86' lang='lat' dir='ltr'>t.</span> <span class='ocrx_word' id='word_1_444' title='bbox 782 4849 817 4906; x_wconf 90' lang='lat' dir='ltr'>ad</span> <span class='ocrx_word' id='word_1_445' title='bbox 831 4848 960 4907; x_wconf 86' lang='lat' dir='ltr'>Diadum.</span> <span class='ocrx_word' id='word_1_446' title='bbox 970 4855 996 4905; x_wconf 85' lang='lat'>1.</span> <span class='ocrx_word' id='word_1_447' title='bbox 1013 4858 1040 4904; x_wconf 89' lang='lat' dir='ltr'>et</span> <span class='ocrx_word' id='word_1_448' title='bbox 1054 4847 1080 4903; x_wconf 83' lang='lat'>6.</span> 
     </span>
    </p>
   </div>
   <div class='ocr_carea' id='block_1_7' title="bbox 0 0 2111 5624">
    <p class='ocr_par' dir='ltr' id='par_1_8' title="bbox 0 0 2111 5624">
     <span class='ocr_line' id='line_1_40' title="bbox 0 0 2111 5624; baseline 0 0"><span class='ocrx_word' id='word_1_449' title='bbox 0 0 2111 5624; x_wconf 95' lang='lat' dir='ltr'> </span> 
     </span>
    </p>
   </div>
  </div>
 </body>
</html>
