4178 5624
167 4597 174 4603 -
293 4575 304 4609 Ι

1159 370 1181 438 4

954 475 959 479 ”
1052 479 1287 509 mmm

363 641 459 715 ,vitas
475 640 624 704 inunum
641 656 761 723 corpus
778 632 1006 721 coniungendo
1023 644 1153 699 secutos
1168 633 1334 711 videmus.·
1353 633 1412 701 sed
1426 634 1683 722 frequentissima
1702 642 1771 705 eius
1788 651 1960 706 consuetu-

379 751 465 819 dinis
480 753 611 838 vestigia
627 759 783 838 apparent
798 751 832 812 in
847 748 954 814 fontes
970 750 1164 835 scriptorum
1179 750 1343 815 Historiae
1357 749 1722 837 Augustae-inquirenti.

532 867 658 931 Horum
678 867 774 950 igitur
794 861 951 928 librorum
973 884 1072 948 quum
1093 861 1219 928 infinita
1237 874 1321 929 esset
1336 863 1517 944 multitudo,
1541 864 1669 952 plurimi
1683 871 1882 946 interierunt,
1904 890 1961 935 ne-

380 984 498 1069 quein
520 982 574 1058 iis,
598 981 655 1063 qui
677 976 724 1042 ad·
739 987 882 1042 nostram
903 987 1036 1055 aetatem
1056 988 1289 1062 pervenerunt,
1312 977 1398 1042 ullus
1419 988 1480 1058 est,
1504 982 1561 1064 qui
1581 988 1649 1044 arte
1666 979 1778 1066 ,aliqua
1800 1004 1960 1049 commen-

379 1093 482 1174 detur,
505 1103 632 1180 praeter
654 1112 752 1156 uuum
769 1089 869 1162 Corn.
892 1090 995 1155 Taciti
1018 1089 1208 1178 Agricolam.
1254 1089 1321 1158 Se'd
1341 1101 1447 1158 tamen
1469 1113 1589 1178 operae
1610 1096 1748 1180 pretium
1769 1095 1853 1174 duxi,
1878 1119 1960 1187 quae

378 1212 418 1276 in
434 1217 575 1273 veterum
597 1208 812 1270 monumentis
833 1206 1040 1292 reperiuntur
1061 1208 1208 1292 vestigia,
1230 1209 1342 1293 paucis
1364 1227 1547 1285 recensere,
1571 1218 1603 1286 et
1624 1207 1778 1294 singulas,
1802 1231 1861 1296 per
1880 1233 1959 1296 quas

378 1323 444 1391 boc
463 1321 615 1389 historiae
635 1339 737 1405 genus
757 1317 1091 1405 paulatimexcultum
1113 1321 1169 1398 sit,
1196 1329 1316 1386 aetates
1338 1318 1537 1400 describere,
1561 1325 1715 1407 expositis
1738 1332 1832 1388 antea
1856 1328 1960 1392 causis

378 1432 591 1525 gravioribus,
612 1455 673 1532 cur
689 1431 847 1501 eiusmodi
862 1435 1064 1518 potissimum
1076 1436 1207 1521 'scriptis
1222 1443 1309 1501 tanta
1324 1433 1411 1521 apud
1427 1435 1593 1503 Romanos
1609 1435 1748 1523 dignitas
1759 1437 1865 1503 'irrerit
2034 1422 2036 1427 ⁴

532 1550 582 1613 Ac
601 1550 702 1633 prima
724 1545 854 1631 quidem
876 1568 973 1613 causa
995 1550 1148 1633 quoniam
1169 1567 1210 1614 ex
1231 1533 1281 1627 ec,
1304 1543 1395 1634 qu'od
1410 1550 1690 1638 Romani-ingenii
1709 1554 1878 1638 proprium
1892 1551 1961 1628 tuit,

376 1661 554 1752 repetenda
574 1672 636 1741 est,
660 1661 861 1729 Graecorum
883 1659 994 1733 indole
1015 1664 1049 1729 in
1071 1665 1342 1751 comparationem
1363 1661 1518 1746 admito,
1541 1665 1625 1732 hauc
1643 1663 1808 1732 maximam
1828 1664 1962 1733 diversi-

377 1788 473 1853 tatem
490 1776 839 1863 inissecossuoscimus,
856 1775 946 1861 quod
959 1775 1078 1843 Gracci
1092 1787 1238 1844 nutrirem
1255 1776 1370 1845 ducem
1384 1780 1420 1846 iu
1435 1782 1586 1851 universe
1595 1781 1660 1845 vita
1672 1783 1765 1866 sequi
1777 1783 1853 1846 satis
1865 1779 1961 1848 babe-

376 1891 464 1972 bant,
480 1893 642 1965 Romanis
662 1890 742 1956 nihil
762 1911 830 1956 uon
851 1890 893 1958 ad
913 1902 1016 1959 certas
1037 1891 1248 1961 consiliorum
1268 1896 1410 1961 rationes
1432 1914 1588 1961 revocare
1607 1893 1648 1960 ad
1671 1910 1794 1983 easque
1813 1916 1849 1960 se
1874 1904 1960 1961 totos

380 2027 575 2095 ecmponcre
591 2003 805 2091 cupientibus.
844 2007 933 2073 Haec
947 2003 1129 2101 differentia
1144 2024 1213 2074 uon
1227 1983 1332 2075 solinu
1347 2007 1381 2071 in
1398 2003 1497 2070 rebus
1511 2004 1553 2071 ab
1569 2015 1711 2091 utroque
1725 2007 1850 2091 populo
1865 2012 1961 2094 gestis

378 2124 533 2204 omnique
557 2119 695 2196 fortuna,
719 2139 830 2184 verum
854 2121 948 2191 etiam
969 2121 1003 2193 in
1024 2116 1147 2185 artibus
1168 2116 1336 2204 literisque
1355 2118 1537 2199 tractandis,
1561 2117 1702 2204 denique
1723 2123 1757 2185 in
1778 2117 1910 2204 publica
1931 2131 1962 2186 et

377 2236 502 2322 privata
517 2235 582 2305 vite
597 2231 793 2305 moderanda
809 2234 979 2301 cernitur„
997 2232 1110 2319 itaque
1125 2231 1331 2319 plurimarum
1347 2227 1510 2302 literarum
1526 2231 1680 2300 naturalis
1696 2254 1896 2320 progressus,
1916 2245 1961 2298 at-

379 2368 446 2434 quc
459 2347 609 2415 iuvenilis
623 2346 678 2429 illa
693 2350 808 2417 artium
823 2358 919 2427 aetas,
929 2368 1021 2433 quae
1035 2350 1071 2415 iu
1087 2346 1222 2414 Graecis
1238 2357 1418 2433 temporum
1433 2345 1596 2417 beneficio
1610 2347 1802 2424 beatissima,
1817 2351 1962 2434 ingenio·

377 2483 451 2538 rum
465 2460 614 2535 ardorem
629 2460 753 2536 effudit,
770 2461 926 2531 Romanis
941 2462 1074 2531 omuino
1090 2469 1203 2544 negata
1217 2458 1279 2524 tuit
1291 2461 1357 2541 (¹);
1378 2480 1487 2543 neque
1503 2462 1636 2545 contigit
1650 2463 1689 2527 iis
1704 2481 1855 2547 unquam,
1872 2472 1908 2526 ut
1923 2484 1963 2528 cx

377 2573 429 2643 his
446 2585 477 2639 et
490 2583 625 2647 naturae
641 2583 672 2643 et
682 2569 885 2658 publicarum
899 2573 1060 2639 rationum
1071 2570 1209 2639 vinculis
1221 2592 1293 2639 sese
1304 2570 1487 2639 liberarent
1511 2573 1549 2638 lu
1558 2562 1732 2642 scribendo
1744 2585 1850 2642 autem
1861 2597 1962 2659 quum

380 2687 500 2763 Graeci
514 2709 583 2761 rem
596 2689 698 2773 ipsam
713 2695 909 2773 spectarem,
920 2707 1004 2772 quae
1019 2696 1051 2752 et
1066 2685 1172 2772 qualis
1188 2695 1281 2765 esset,
1295 2687 1436 2753 Romani
1451 2685 1530 2771 quid
1542 2685 1685 2755 efficeret
1697 2708 1734 2753 ca
1745 2690 1778 2755 iu
1789 2687 1962 2774 legentium

379 2806 492 2879 animis
507 2803 605 2888 magis
620 2822 734 2869 curare
746 2810 995 2869 consueverant:
1020 2799 1109 2868 uude
1119 2799 1243 2878 accidit,
1260 2811 1296 2866 ut
1308 2799 1510 2867 Graecorum
1523 2804 1649 2888 scripta,
1666 2823 1731 2888 qus
1742 2812 1817 2869 srmt
1828 2813 1961 2869 naturae
1997 2848 1999 2852 »

379 2916 580 3004 simplicitate
592 2925 624 3013 ct
632 2918 774 2995 veritate,
784 2914 940 2985 lectorem
948 2915 1044 2988 imile
1055 2918 1183 3000 capiant
1190 2917 1353 2998 variisque
1363 2899 1707 2995 modis'commoveent,
1720 2917 1859 2998 Romani
1867 2939 1961 3002 quam

379 3035 444 3099 vim
459 3035 585 3097 ratione
601 3040 633 3096 et
647 3029 785 3096 artificio
801 3039 938 3114 captant,
954 3049 1187 3114 saepenumero
1202 3048 1270 3093 non
1283 3038 1496 3113 assequantur
1507 3028 1566 3112 (²).
1589 3031 1700 3116 Atque
1711 3040 1961 3116 consentaneum

381 3154 439 3224 est,
455 3147 512 3230 qui
526 3145 560 3211 iu
571 3141 801 3220 huucmodum
812 3150 916 3228 egent,
932 3139 1064 3219 eosdem
1074 3139 1109 3209 id
1119 3143 1254 3210 maxime
1264 3139 1403 3219 studere,
1420 3150 1456 3204 ut
1466 3151 1594 3226 praeter
1604 3145 1704 3227 ipsum
1717 3142 1793 3221 rem,
1810 3157 1842 3210 et
1852 3150 1880 3208 si
1890 3145 1962 3210 fieri

379 3261 493 3348 possit,
508 3257 673 3344 eliquanto
686 3259 783 3328 etiam
792 3259 890 3343 magis
904 3255 1029 3329 elueret
1040 3275 1180 3343 persona
1193 3257 1279 3333 eius,-
1288 3258 1382 3326 cuiue
1394 3277 1497 3341 opera
1509 3252 1656 3322 efficitur.
1682 3254 1765 3323 tuuc
1779 3267 1884 3324 autem
1895 3259 1962 3324 Ros

380 3376 466 3444 meni
478 3374 597 3458 ingenii
608 3374 776 3458 proprium
786 3369 928 3446 studium
939 3369 1039 3441 inisse
1050 3369 1160 3437 itidem
1172 3370 1326 3437 historiae
1336 3371 1512 3455 scriptione
1524 3368 1763 3456 comprobatur.
1788 3373 1962 3438 Historiam

288 3576 295 3585 Ι
382 3489 466 3553 enim
486 3488 630 3572 proxima
651 3487 842 3572 cognatione
863 3506 934 3553 cum
957 3506 995 3559 ca
1011 3488 1245 3564 arteiuuctam,
1266 3494 1364 3571 atque
1379 3483 1464 3551 adeo
1479 3487 1549 3550 eius
1564 3483 1689 3570 legibus
1704 3484 1962 3573 adstringendum

382 3623 454 3668 esse
476 3609 664 3679 statuerunt,
688 3622 784 3686 quam
803 3620 872 3670 nou
892 3598 997 3673 solum
1013 3598 1425 3671 omniumctficacissimam
1440 3602 1475 3666 in
1489 3600 1653 3665 bominum
1670 3602 1793 3665 animm
1809 3598 1962 3665 ridebant

382 3738 462 3796 esse,
486 3714 544 3783 sed
568 3735 652 3801 quae
673 3717 767 3786 etiam
787 3717 890 3801 ipsius
911 3717 1052 3781 auctoris
1073 3736 1226 3783 summam
1248 3713 1432 3800 dignitatem
1453 3695 1589 3799 requirit
1609 3721 1708 3798 atque
1728 3722 1875 3779 ostentat
1920 3715 1963 3781 Et

382 3853 482 3915 quum
504 3831 666 3917 praeteriti
688 3831 842 3915 temporis
862 3830 1015 3894 memoris
1036 3826 1077 3894 ad
1097 3827 1245 3914 publicas
1264 3830 1406 3894 rationes
1422 3849 1549 3914 semper
1563 3825 1867 3904 accommodaretur,
1889 3827 1961 3893 fieri

381 3963 450 4010 non
468 3947 583 4028 potuit,
607 3946 685 4028 quin
700 3942 783 4036 illud
797 3942 1016 4013 adiumentum
1030 3945 1209 4020 ascisceret,
1233 3944 1326 4008 euius
1341 3945 1377 4007 iu
1390 3945 1455 4007 rita
1470 3940 1600 4028 publica
1616 3940 1774 4028 plurimus
1789 3962 1869 4007 usus
1885 3951 1961 4007 erat.

382 4057 497 4142 ltaque
511 4057 650 4123 bistoria
672 4079 745 4131 curn
765 4058 971 4142 eloquentiae
989 4055 1104 4125 studiis
1119 4058 1242 4123 Romae
1256 4059 1375 4144 pariter
1390 4077 1561 4143 progressa
1576 4065 1633 4122 est
1679 4058 1765 4122 Hinc
1778 4065 1851 4121 nata
1868 4054 1962 4122 Cice-

383 4175 474 4239 ronis
491 4169 538 4236 de
558 4168 790 4242 vetustioribus
809 4174 1023 4238 monumentis
1042 4169 1172 4249 iudicia,
1194 4192 1278 4256 quae
1299 4192 1395 4239 omne
1413 4172 1477 4237 boc
1498 4192 1581 4258 opus
1602 4174 1778 4237 oratorium
1793 4167 1834 4234 ab
1851 4189 1891 4235 eo
1907 4170 1962 4236 ba·

382 4284 486 4355 bitum
509 4306 581 4353 esse
601 4283 722 4351 docent
739 4282 800 4367 (³).
844 4285 922 4351 Non
943 4283 1166 4372 accipiendum
1186 4285 1221 4352 id
1242 4296 1290 4353 est
1310 4284 1351 4353 de
1371 4285 1584 4354 concionibus
1599 4265 1709 4349 illis'et
1724 4283 1961 4350 hortationibus

384 4404 432 4471 rei
451 4402 629 4469 narrationi
648 4397 745 4486 vulgo
765 4400 903 4479 insertis,
926 4420 1021 4484 quam
1043 4399 1311 4468 consuetudinem
1330 4404 1500 4486 utriusque
1520 4399 1648 4527 lippiae
1669 4397 1857 4465 auctoribus
1876 4421 1961 4465 com·

422 4654 464 4726 (¹)
494 4674 520 4711 v.
541 4656 611 4711 Hor.
632 4675 695 4731 epp.
711 4660 739 4724 2,
756 4660 841 4718 1.93.
861 4675 921 4732 sqq.

422 4745 463 4836 (²)
496 4762 656 4840 bernbardy
674 4765 754 4821 iiim.
775 4765 831 4821 Lit.
852 4769 935 4840 pre.
975 4765 1075 4820 Mauso
1094 4782 1179 4820 verm.
1199 4761 1337 4826 Schriiieu
1355 4783 1385 4839 p.
1394 4759 1440 4819 43.
1460 4781 1522 4840 sqq.

422 4869 465 4947 (³)
495 4869 556 4931 cic.
577 4870 612 4928 de
629 4870 711 4946 legib.
728 4878 756 4940 t,
769 4877 797 4927 s.
811 4879 838 4930 s.
860 4875 895 4930 ee
912 4863 954 4931 οι.
969 4877 998 4942 e,
1014 4878 1058 4928 rs.
1076 4878 1120 4929 ra.
1149 4873 1285 4929 eruero.
1315 4871 1351 4929 ct.
1372 4870 1461 4930 Unici
1479 4871 1573 4928 meite
1591 4872 1757 4948 Ηὶιιοήοςι.
1778 4887 1807 4946 p.
1820 4876 1881 4926 111.
