4178 5624
1021 374 1070 448 23

252 647 329 738 pide
345 645 430 716 Gell.
445 647 496 727 17,
508 644 538 713 4.
562 642 604 713 (16
619 643 772 728 Terentio
786 639 921 708 Sueton
937 640 1011 708 Ter.
1023 645 1053 707 2.
1077 649 1109 708 61
1125 640 1165 707 61
1180 639 1264 708 inira
1279 643 1454 732 Hyginum.
1494 645 1600 713 Huius
1615 645 1690 714 libri
1705 651 1836 736 vestigia

253 765 348 832 etiam
367 766 403 830 in
419 761 569 831 Charisio
591 768 623 826 et
636 762 672 825 in
686 754 847 826 Diomede
861 757 1080 824 inveniuntur.
1119 757 1278 824 Varronis
1293 756 1377 825 liber
1390 758 1452 840 „de
1466 763 1532 827 vita
1546 761 1660 850 populi
1676 765 1836 831 Romanu

251 882 288 948 in
302 875 473 946 codicibus
493 859 685 964 quibusdam
700 876 875 962 inscriptus
890 882 954 941 est:
977 869 1039 955 ,de
1053 875 1119 963 rita
1132 873 1287 961 patrum,’'
1310 848 1421 941 err'ore
1436 894 1476 941 ex
1491 876 1684 965 compendio
1700 882 1838 965 scriptu·

251 1014 308 1062 rae
327 1004 415 1062 nato.
459 992 576 1078 Neque
595 1010 675 1056 vero
697 987 741 1056 (16
755 987 950 1078 singularum
965 992 1103 1056 vitarum
1119 987 1377 1056 enarrationibus
1392 988 1633 1079 intelligendum
1649 990 1683 1058 id
1699 1003 1755 1074 est,
1778 993 1836 1059 sed
1910 992 1913 997 '

251 1112 351 1198 prisci
373 1108 445 1175 aeri
467 1127 595 1174 omnem
616 1107 714 1172 vitam
737 1108 804 1172 ie.
825 1104 976 1194 publicos
995 1126 1103 1172 mores
1125 1114 1157 1170 et
1177 1102 1354 1173 domestica
1369 1107 1514 1172 instituta
1530 1118 1730 1195 exposuerat.
1776 1108 1836 1173 Pa-

251 1234 335 1290 trum
355 1220 589 1311 simmicitatem
608 1229 768 1307 artesque,
792 1218 912 1306 quibus
932 1242 1017 1307 resp.
1034 1222 1196 1301 crevisset,
1219 1220 1401 1308 aequalium
1421 1242 1554 1288 suorum
1570 1225 1677 1309 pravis
1692 1220 1836 1289 moribus

251 1348 283 1404 et
296 1336 443 1404 luxuriae
458 1357 532 1403 eum
548 1336 743 1428 opposuisse
758 1332 933 1421 fragmenta
948 1331 1069 1400 docent
1079 1338 1095 1418 (
1100 1331 1147 1418 1).’
1290 1355 1294 1361 ·

404 1455 444 1518 L.
463 1448 594 1519 Comei.
611 1449 767 1517 Sisenna:
795 1455 943 1517 mortuus
966 1457 1015 1513 est
1035 1470 1063 1514 a.
1078 1469 1111 1513 u.
1125 1445 1199 1519 687.
1219 1455 1390 1534 postquam
1405 1447 1504 1535 paulo
1520 1459 1595 1517 ante
1610 1472 1682 1517 cum
1698 1451 1837 1516 1166166-

179 1566 183 1572 “
249 1569 300 1634 616
316 1564 360 1652 C.¹
366 1567 504 1634 Verrem
527 1572 640 1632 contra
657 1560 852 1635 Ciceronem
873 1559 1018 1630 defendit
1029 1560 1088 1647 (²).
1133 1561 1217 1628 Eum
1232 1560 1343 1629 Sullae
1362 1583 1416 1628 res
1432 1561 1671 1652 diligentissime
1686 1586 1838 1652 persecu-

250 1690 318 1748 tum
334 1700 407 1747 esso
420 1677 593 1748 Sallustius
604 1675 657 1764 (³)
672 1676 766 1756 dicit;
789 1687 821 1745 et
835 1680 883 1744 ita
899 1675 1032 1765 quidem
1047 1676 1132 1757 lecit,
1154 1685 1192 1743 ut
1205 1698 1225 1743 6
1240 1674 1329 1746 bello
1343 1677 1486 1746 Marsico
1501 1699 1528 1744 a.
1546 1700 1576 1745 u.
1590 1679 1663 1745 663.
1679 1680 1837 1765 incipiens

249 1793 292 1862 ad
306 1816 336 1862 a.
348 1796 423 1868 676.
439 1802 595 1884 pergeret,
619 1815 687 1882 quo
703 1791 794 1861 Sulla
809 1791 894 1860 61666
909 1814 1094 1881 supremum
1110 1789 1200 1860 obiit.

401 1914 442 1976 L.
464 1907 619 1976 0166111666
636 1907 753 1975 Pilr‘nu
769 1907 831 1977 Cn
846 1908 993 1995 Pompeii
1008 1907 1119 1995 Magni
1133 1915 1334 1994 praeceptor,
1356 1908 1453 1974 166166
1469 1917 1501 1974 et
1516 1909 1615 1995 patris
1631 1908 1700 1974 eius
1716 1926 1768 1973 res
1784 1927 1837 1994 ge·

249 2032 314 2088 stas
330 2021 552 2109 compluribus
567 2019 658 2087 libris
675 2025 831 2110 exposuit,
847 2025 989 2109 „primus
1005 2023 1154 2088 omnium·
1163 2019 1387 2088 libertinorum
1403 2019 1545 2089 scribere
1556 2019 1720 2089 historiam
1733 2042 1836 2100 orsus,

248 2139 382 2205 nonnisi
403 2136 444 2204 ab
470 2134 699 2205 honestissimo
722 2157 856 2222 quoque
871 2133 971 2202 scribi
986 2135 1139 2202 solitam.”
1184 2137 1319 2204 Sueton.
1335 2135 1378 2203 de
1393 2135 1467 2204 clar.
1483 2138 1602 2204 116613.
1620 2173 1660 2189 -
1700 2135 1856 2222 Saepius·

249 2262 356 2320 autem
371 2252 436 2318 boc
451 2260 484 2318 et
498 2253 681 2337 posteriore
694 2252 848 2337 imprimis
863 2232 945 2316 aevo
960 2247 1152 2316 libertorum
1166 2252 1269 2339 pietas
1284 2260 1495 2337 patronorum
1511 2254 1607 2318 vitam
1622 2253 1836 2319 monumentis

249 2364 434 2441 illustravit3
458 2363 640 2451 complures
656 2362 739 2429 infra
755 2361 1027 2433 commemorandi
1042 2373 1137 2429 eruut
1149 2363 1206 2447 (⁶).

171 2460 174 2464 ¹
402 2482 454 2543 M.
481 2482 521 2543 T.
545 2479 657 2544 Cicero
681 2474 872 2544 adolescens
897 2497 997 2565 quum
1020 2475 1109 2542 Muc.
1131 2474 1307 2543 Scaevolae
1328 2498 1459 2565 operam
1480 2478 1572 2545 daret
1592 2481 1626 2545 in
1646 2481 1718 2544 iure
1740 2477 1835 2557 civili,
1859 2570 1861 2574 ι

249 2593 345 2661 Marii
370 2589 539 2679 popularis
562 2592 690 2675 sui„res
714 2590 871 2679 gloriosas
895 2592 1036 2657 carmine
1059 2588 1358 2677 caesareano).
1403 2591 1491 2659 Idem
1514 2592 1651 2661 Catonis
1670 2593 1835 2659 Uticensis

249 2709 409 2786 virtutem,
431 2703 576 2784 consilia,
597 2707 683 2770 vitae
701 2703 800 2772 finem
821 2704 975 2794 singulari
993 2703 1180 2771 laudatione
1194 2703 1401 2791 praedicavit,
1425 2710 1478 2771 cui
1492 2707 1550 2771 lul.
1567 2706 1689 2774 Caesar
1705 2711 1774 2773 eius
1790 2710 1836 2770 vi-

248 2823 492 2909 tuperationem,
514 2818 751 2897 Anticatonem,
775 2821 939 2906 opposuit.
971 2817 1010 2883 ci
1026 2815 1096 2885 Cic.
1113 2816 1164 2884 ad.
1179 2818 1245 2885 Att.
1262 2820 1311 2898 12,
1328 2817 1358 2886 4.
1381 2819 1457 2885 Tac
1473 2840 1546 2886 auu.
1560 2818 1590 2900 4,
1605 2819 1659 2886 34.
1683 2818 1769 2887 Gell.
1785 2822 1834 2900 13,

253 2939 306 3004 19:
329 2933 391 3016 „ds
406 2937 500 3001 cuius
515 2936 581 3000 rita
596 2931 680 2999 liber
695 2941 744 2999 est
757 2932 803 2998 Μ.
817 2929 996 3014 Ciceronis,
1020 2904 1077 3019 qui
1092 2931 1280 2998 inscribitur
1294 2931 1364 3000 laus
1380 2935 1425 3000 M.
1439 2933 1619 3018 Catonis”(
1641 2937 1666 3018 ).

403 3049 501 3116 Anno
520 3056 597 3136 post
617 3044 736 3113 similes
757 3045 799 3112 do
821 3044 949 3113 Catone
968 3044 1070 3113 libros
1092 3045 1264 3113 ediderunt
1284 3046 1370 3114 Fab.
1390 3046 1508 3125 Gullsss,
1530 3069 1560 3112 v.
1578 3045 1647 3117 Cic.
1663 3046 1705 3114 ad
1720 3047 1791 3114 iam.
1804 3049 1834 3127 7,

250 3161 302 3229 24.
325 3172 357 3230 61
371 3167 424 3228 M.
436 3168 556 3229 Brutus
567 3159 626 3247 (⁷),
647 3184 677 3227 v.
689 3159 759 3229 Cic.
771 3159 812 3227 ad
824 3161 890 3227 Ate
905 3163 955 3240 13,
968 3159 1021 3241 46,
1037 3170 1150 3228 contra
1165 3183 1262 3247 quem
1279 3164 1407 3249 scripsit
1423 3163 1632 3230 Octavianus.
1655 3186 1685 3230 v.
1698 3164 1832 3232 Sueton.

249 3275 327 3344 061.
337 3279 399 3344 85..
435 3277 529 3344 116611
548 3274 767 3343 laudationem
785 3277 884 3364 Appii
900 3273 1040 3356 Claudii,
1061 3296 1159 3362 quam
1175 3276 1251 3341 citat
1264 3274 1441 3344 Diomedes
1457 3277 1481 3344 l.
1497 3275 1539 3343 de
1554 3276 1678 3345 lormat.
1694 3254 1769 3358 vbi,
1791 3299 1834 3343 ne

249 3392 323 3478 quis
338 3390 403 3457 buc
417 3393 579 3478 pertinere
592 3401 698 3479 putet:
721 3391 783 3457 luit
797 3393 902 3459 oratio
917 3392 952 3457 in
966 3391 1124 3458 honorem
1140 3393 1246 3457 soceri
1260 3394 1312 3457 sui
1326 3394 1446 3459 mortui
1461 3387 1578 3458 habita.

403 3506 572 3571 Munatius
590 3503 703 3592 Rrsus,
720 3502 824 3571 eidem
836 3502 956 3573 Catoni
970 3507 1055 3571 inter
1069 3503 1239 3572 familiares
1255 3516 1286 3571 61
1301 3504 1504 3594 „Cypriacae
1520 3505 1731 3596 expeditionis
1746 3504 1833 3571 fidus

249 3619 377 3688 comes''
388 3616 449 3703 (³),
473 3628 505 3685 et
524 3621 595 3706 ipse
609 3621 703 3727 amici
717 3621 901 3709 memoriam
916 3618 1073 3707 prodidit:
1097 3623 1110 3688 1
1131 3615 1294 3693 Μουνάτιος
1312 3617 1513 3711 σόγγμμμω
1532 3617 1596 3712 6661
1613 3617 1752 3692 Kaisaros
1772 3617 1834 3708 ἰξί-

249 3731 347 3816 orm,
367 3726 539 3825 ᾧμίλιςα
559 3732 699 3823 Θρασέας
718 3730 943 3811 manaseas.
971 3733 1056 3801 Plut.
1072 3733 1234 3825 Cat'min.
1246 3736 1299 3808 37.
1344 3737 1442 3804 llunc
1462 3735 1570 3803 locum
1591 3728 1662 3801 cum
1677 3732 1834 3820 neglexis-

249 3858 298 3915 set
309 3850 450 3916 Vossius
461 3847 524 3933 (⁹),
547 3847 783 3937 expeditionem
798 3857 922 3919 tantum
936 3847 1022 3916 illam
1037 3871 1057 3916 a
1071 3850 1220 3919 Munatio
1235 3853 1444 3939 perscriptam
1458 3850 1559 3916 fuisse
1574 3850 1722 3915 coniecit

402 3961 456 4028 De
476 3962 626 4046 Caesare,
649 3962 812 4032 Cicerone
831 3963 968 4053 aliisque
990 3985 1031 4032 eo
1050 3974 1196 4052 tempore
1220 3963 1399 4051 illustribus
1420 3966 1497 4030 viris
1520 3961 1640 4030 multos
1664 3965 1832 4051 scripsisse

249 4075 301 4144 vel
317 4095 355 4143 ex
369 4094 437 4143 unc
453 4073 627 4145 Plutarcho
641 4081 718 4146 satis
732 4089 881 4168 apparet:
897 4077 962 4145 'sed
977 4062 1188 4166 plurimorum
1202 4099 1246 4147 ne
1256 4081 1386 4146 uomina
1399 4077 1529 4169 quidem
1540 4081 1700 4148 novimus.
1725 4078 1830 4144 Nemo

287 4312 329 4387 (¹)
361 4311 550 4383 6111661666,
569 4313 863 4377 mmmsdetsrr.
884 4312 1057 4382 116111834.
1078 4320 1147 4392 [6-9.
1260 4315 1302 4390 (“)
1333 4315 1370 4374 es.
1384 4317 1483 4395 Meyer
1500 4317 1535 4374 sd
1554 4313 1614 4375 Cic.
1630 4314 1706 4371 Brut.
1725 4308 1771 4368 61.

287 4408 330 4484 (³)
363 4411 423 4487 11¹3·
436 4411 635 4487 91616161
655 4413 661 4426 '
685 4418 712 4483 Ι.
726 4418 754 4477 9.
831 4413 872 4488 (⁴)
897 4412 996 4472 similis
1010 4412 1593 4493 1616661161666666166660666146
1607 4408 1828 4469 86611116111.

287 4509 329 4582 (⁸)
360 4507 397 4565 61.
414 4506 537 4566 Turneb.
552 4510 588 4566 sd
600 4509 660 4570 Cic.
700 4511 881 4592 elegg.l.1.
975 4510 1017 4586 (⁶)
1047 4509 1420 4573 continuacionem.
1448 4507 1759 4576 ciscestrensis.
1786 4507 1831 4566 De

250 4596 467 4657 Anticatouibus
485 4616 512 4655 ν.
526 4599 673 4658 Drumann
691 4608 721 4671 3,
736 4606 799 4667 759.
819 4621 881 4680 sqq.

270 4695 328 4799 ·(’)
346 4696 423 4844 ¹3,qpi
440 4714 507 4843 pou
534 4695 706 4845 mqlignitste
729 4719 782 4759 nec
806 4701 922 4771 invidis,
949 4701 998 4760 sed
1026 4697 1188 4778 simpliciter
1214 4711 1242 4758 et
1269 4701 1389 4779 ingenue
1415 4698 1549 4758 iudicium
1575 4697 1828 4759 6661161ιυί1616-

249 4785 320 4844 xst.”
373 4787 595 4844 ia.eor.1.

286 4882 329 4957 (⁸)
360 4883 424 4943 vu.
440 4880 558 4956 1161.
573 4891 600 4944 ³·
616 4890 645 4943 2·
757 4886 799 4960 (⁹)
830 4886 1105 4983 6666166166.
