4178 5624
1148 328 1199 402 at

536 606 649 679 Tacito
669 597 814 669 succedit
835 602 872 664 C.
891 598 1062 664 Suetonius
1086 592 1304 686 Tranquillus,
1326 599 1471 682 tempore
1493 599 1819 684 proximuaingenio
1842 609 1874 665 et
1896 610 1967 665 arte
2013 615 2018 633 ’

382 719 566 809 longissime
577 720 763 799 (seiunctus.
808 714 998 800 imperatori
1018 708 1184 778 Hadriano
1204 709 1412 797 epistolarum
1432 713 1579 796 magister
1599 711 1668 790 luit,
1690 712 1776 780 idem
1792 712 1890 779 Plinii
1908 716 1966 780 mi·

381 836 473 902 noris
492 836 629 899 amicitia
649 832 792 917 insignis.
837 825 997 913 Impendit
1012 833 1117 895 autem
1132 825 1231 895 bomo
1244 824 1476 892 literatissimus
1491 827 1568 900 huic
1585 824 1749 895 literarum
1762 831 1871 915 generi
1887 848 1966 915 ope·

382 971 449 1014 ram
473 947 654 1036 plurimam:
685 955 717 1012 et
742 943 896 1030 imprimis
919 927 1092 1018 duodecim
1113 943 1259 1028 priorum
1281 945 1457 1008 Caesarum
1479 943 1553 1005 vitis
1574 960 1645 1006 non
1665 944 1735 1008 siue
1755 941 1917 1031 diligentia
1932 953 1967 1008 et

384 1086 456 1130 cum
478 1083 584 1129 rerum
599 1064 792 1148 privatarum
808 1067 905 1142 etque
921 1054 1003 1122 adeo
1019 1059 1209 1122 minutarum
1224 1058 1400 1141 praecipua
1415 1076 1494 1139 cura
1509 1053 1694 1154 enarrandis
1709 1056 1882 1124 multorum
1897 1056 1966 1122 lau-

382 1175 457 1245 dem
472 1186 504 1245 et
518 1177 725 1243 imitationem
739 1173 870 1239 invenit
916 1169 1054 1238 Constat
1069 1168 1131 1242 n'bi
1146 1167 1277 1255 quidem
1292 1172 1326 1234 in
1340 1191 1447 1235 rerum
1463 1171 1557 1255 copia
1573 1169 1687 1236 ordine
1703 1169 1845 1254 quodam
1860 1182 1893 1237 et
1907 1191 1966 1258 per

383 1301 486 1359 certas
501 1291 625 1376 species
641 1283 843 1374 disponenda
854 1284 916 1369 (¹),
931 1284 988 1350 sed
1005 1288 1039 1350 in
1055 1283 1187 1372 singulis
1206 1283 1351 1370 partibus
1366 1304 1463 1370 saepe
1477 1282 1553 1369 inde
1567 1273 1699 1363 recedit,
1713 1305 1820 1371 neque
1837 1284 1968 1351 efficere

381 1405 483 1472 valuit
503 1405 628 1469 ratione
649 1423 717 1482 sua,
739 1410 775 1466 ut
796 1400 953 1467 sactorum
976 1420 1092 1465 causae
1113 1407 1144 1464 et
1158 1399 1322 1466 bominum
1336 1400 1462 1485 ingenia
1478 1408 1759 1485 pernoscereutur.
1803 1399 1968 1465 Permulta

383 1516 529 1585 studiose
550 1518 719 1602 congessit,
743 1536 827 1600 quae
842 1514 895 1579 vel
910 1512 951 1580 ab
967 1513 1038 1579 aliis
1052 1523 1163 1582 notata
1177 1516 1344 1592 inveniret,
1367 1512 1419 1579 vel
1435 1535 1474 1583 ex
1488 1517 1685 1580 narrantium
1701 1535 1759 1579 ore
1774 1517 1967 1600 excepissetz

382 1653 492 1698 verum
516 1629 720 1697 desiderabat
742 1629 796 1696 illa
819 1631 950 1695 materia
972 1631 1158 1716 peritiorem
1181 1627 1314 1708 artificis
1336 1650 1473 1695 manum.
1525 1629 1640 1695 Sermo
1665 1627 1836 1694 relatarum
1857 1649 1965 1692 rerum

382 1743 577 1832 simplicitati
600 1747 761 1824 convenit,
783 1764 891 1830 aeque
915 1743 1070 1830 elegantia
1092 1741 1331 1810 commendatus
1352 1763 1415 1810 nec
1434 1741 1640 1809 incommodo
1665 1753 1784 1808 ornatu
1805 1740 1966 1820 laborans,

381 1862 446 1935 imo
468 1862 596 1925 ieiunus
618 1869 650 1924 et
671 1857 893 1945 quotidianum
914 1879 1007 1923 usum
1024 1856 1168 1924 referens
1181 1855 1238 1942 (²).
1284 1858 1423 1943 Propter
1436 1859 1520 1922 hanc
1533 1860 1629 1943 igitur
1643 1855 1895 1924 mediocritatem
1909 1875 1967 1920 ne-

287 2034 290 2039 .
382 1995 446 2060 que
466 1972 648 2039 laudandus
669 1976 773 2051 nimis,
795 1983 901 2037 tamen
916 1994 934 2037 a
951 1969 1144 2055 quibusdam
1159 1968 1307 2035 acerbius
1322 1981 1453 2036 notatus
1469 1981 1525 2034 est
1544 2008 1584 2021 -
1624 1972 1857 2055 imperatorum
1873 1972 1967 2048 vitae,

381 2087 479 2173 vulgo
502 2096 578 2153 octo
600 2084 692 2153 libris
717 2086 967 2171 comprehensae
986 2082 1037 2168 (³)
1062 2104 1165 2170 paene
1188 2085 1329 2169 integrae
1352 2082 1394 2147 ad
1414 2092 1556 2148 nostram
1578 2092 1711 2148 aetatem
1732 2093 1966 2168 pervenernnt;

381 2200 579 2287 reliquarum
606 2203 744 2266 vitarum
770 2207 891 2277 tantum
911 2207 1018 2285 partes
1039 2197 1170 2264 mutilae
1187 2205 1219 2262 et
1238 2195 1372 2262 multum
1393 2195 1586 2283 depravatae
1608 2217 1646 2262 ex
1664 2198 1785 2264 maiore
1804 2219 1905 2284 opere
1924 2196 1969 2265 de

288 2306 295 2321 '
381 2318 525 2380 virorum
551 2314 653 2380 literis
680 2313 840 2379 clarorum
863 2315 1015 2379 memoria
1038 2322 1182 2377 servatae
1205 2321 1288 2377 sunt
1338 2309 1520 2376 Illustn'um
1542 2313 1832 2400 grammaticorum
1854 2313 1966 2398 viginti
2019 2315 2030 2327 '

381 2427 589 2495 brevissimae
608 2431 703 2507 vitae,
725 2431 794 2494 sive
813 2430 923 2512 potius
945 2449 998 2492 res
1021 2426 1158 2510 quedam
1174 2424 1406 2504 memorabiles,
1427 2423 1651 2511 librorumque
1665 2429 1859 2513 scriptorum
1874 2435 1966 2491 nota-

382 2545 487 2608 tiones
511 2551 625 2606 extant
673 2537 785 2605 Cloms
809 2537 952 2602 rhetores
975 2536 1151 2601 secundum
1174 2546 1315 2602 veterem
1337 2540 1505 2602 nominum
1528 2538 1667 2603 indicem
1690 2539 1831 2603 sedecim
1852 2537 1967 2606 eodem

382 2651 481 2719 modo
502 2659 742 2730 memoraverat,
765 2670 905 2737 quorum
927 2653 1073 2736 quinque
1094 2659 1275 2735 supersunt.
1321 2651 1535 2736 assignantur
1549 2661 1715 2736 praeterea
1731 2651 1833 2717 eidem
1849 2651 1967 2718 Sueto-

382 2769 437 2833 nio
459 2766 583 2852 aliquot
599 2746 776 2856 poetarmtq
795 2767 897 2843 oitoe,
920 2785 1005 2849 quae
1027 2785 1064 2828 ex
1085 2767 1211 2852 integro
1227 2786 1327 2851 opere
1345 2763 1386 2830 ab
1403 2740 1474 2829 aliis
1490 2774 1659 2851 excerptae
1673 2774 1705 2831 et
1719 2770 1809 2832 varie
1823 2771 1968 2854 interpo-

382 2881 465 2949 latae
486 2880 647 2947 videntur.
692 2878 1021 2979 simpliorem-operis
1041 2878 1173 2944 formam
1196 2882 1428 2964 cognoscimus,
1451 2882 1583 2964 siquae
1604 2880 1719 2946 Isidor.
1732 2881 1822 2967 Orig.
1836 2887 1865 2960 8,
1878 2884 1908 2953 7.
1925 2882 1967 2947 de

382 3000 488 3085 poetis
512 3018 550 3062 ex
575 2992 766 3079 Tranquillo
791 3003 894 3058 sumta
915 2991 1074 3077 leguntur,
1104 2993 1168 3056 buc
1191 2991 1370 3070 referenda,
1383 3002 1466 3059 sunt.
1511 2994 1703 3060 Suetonium
1725 3006 1831 3060 autem
1853 2997 1967 3062 barum

297 3155 300 3161 ·
385 3129 517 3194 quoque
537 3110 674 3173 vitarum
695 3113 860 3170 auctorem
877 3104 970 3169 heile
992 3107 1203 3190 agnoscimus,
1226 3128 1326 3191 quum
1340 3127 1392 3171 res
1408 3127 1445 3171 ex
1461 3104 1597 3172 aliorum
1612 3112 1739 3194 scriptis
1756 3113 1884 3175 curiose
1900 3111 1967 3175 col-

382 3221 490 3302 lectas,
514 3230 581 3287 tum
604 3222 762 3287 sermonis
781 3216 1199 3295 indolem=considersates;
1223 3223 1357 3286 maxime
1375 3223 1548 3307 perspicua
1567 3221 1647 3286 baec
1666 3221 1842 3289 similitudo
1863 3227 1966 3289 estin

382 3337 519 3416 Horatii,
543 3337 696 3415 Terentii,
723 3333 827 3398 Persii
848 3335 945 3415 vitis„
978 3333 1132 3400 Omnium
1155 3344 1270 3413 autem,
1298 3334 1410 3419 quales
1433 3355 1522 3400 nunc
1544 3344 1631 3414 sunt,
1657 3339 1832 3401 communis
1857 3348 1968 3403 estes

386 3449 517 3528 exilitas,
541 3469 625 3535 quae
647 3448 810 3516 bominem
833 3445 952 3535 prodit,
975 3446 1054 3532 quid
1077 3451 1112 3515 in
1135 3451 1240 3536 poetis
1264 3450 1348 3515 scitu
1370 3447 1500 3534 dignum
1521 3451 1562 3514 sit
1582 3453 1710 3516 minime
1729 3451 1966 3540 intelligentem,

384 3562 442 3629 sed
458 3561 617 3629 levissima
633 3584 784 3648 quaeque
800 3571 1045 3628 consectantem.

539 3680 685 3743 Terentii
704 3679 800 3742 vitam
826 3674 924 3762 vulgo
944 3676 1076 3745 Donato
1097 3675 1289 3765 adscriptam
1311 3677 1458 3752 Suetonii
1478 3698 1562 3756 esse,
1584 3681 1618 3742 J.
1633 3681 1667 3745 J.
1682 3678 1825 3765 Scaliger
1844 3679 1964 3745 Eusob.

384 3817 415 3878 p.
425 3790 496 3858 tit.
513 3813 552 3856 cx
566 3789 697 3860 dicendi
711 3811 828 3879 genere
847 3789 967 3855 docuit
1013 3793 1147 3856 Horatii
1160 3794 1226 3858 vita
1240 3813 1307 3858 non
1322 3795 1427 3858 minus
1443 3792 1592 3857 Suetonii
1607 3796 1768 3879 ingenium
1782 3793 1889 3867 relect
1912 3817 1966 3859 ac-

387 3904 473 3971 cedit
491 3906 728 3992 Porphyrionis
751 3906 966 3973 testimonium
985 3924 1054 3970 non
1073 3904 1297 3990 spernendum,
1322 3909 1379 3991 qui
1400 3905 1501 3972 schol.
1520 3905 1561 3972 ad
1576 3908 1656 3972 Hor.
1672 3929 1722 3993 ep.
1736 3912 1766 3987 2,
1782 3911 1810 3972 1.
1825 3910 1893 3974 init
1910 3907 1968 3973 ad-
2029 3937 2031 3941 ¹

386 4017 455 4084 dito
471 4017 619 4084 Suetonii
640 4023 772 4087 nomine
793 4019 949 4107 quaedam
971 4041 1008 4086 ex
1027 4019 1092 4085 boc
1110 4016 1222 4087 libello
1243 4020 1349 4100 affert,
1371 4023 1435 4085 nisi
1457 4024 1530 4106 quis
1552 4042 1589 4085 ea
1610 4042 1647 4086 ex
1663 4023 1790 4109 integro
1805 4022 1966 4088 Suetonio

386 4132 532 4201 desumta
547 4153 619 4198 esse
633 4141 724 4218 putat
735 4131 795 4216 (⁴)
813 4171 853 4185 -
878 4135 919 4199 Et
933 4133 977 4199 ab
990 4135 1040 4200 his
1056 4132 1186 4200 duobus
1202 4140 1349 4203 Persium
1364 4138 1491 4203 minime
1506 4139 1708 4203 seiunxerina
1726 4173 1766 4188 ·-
1790 4136 1908 4220 Neque
1922 4135 1966 4202 de

386 4253 516 4316 morto
532 4245 640 4313 brevis
656 4248 771 4312 notitia
786 4256 818 4313 et
832 4245 1013 4339 acerbitatis
1029 4247 1124 4336 plena
1139 4271 1274 4336 prorsus
1288 4250 1472 4318 dissimilem
1487 4255 1643 4318 rationem
1659 4246 1809 4314 ostendit
1827 4287 1867 4302 -
1906 4256 1966 4317 Ja-

386 4362 508 4431 veaalis
520 4365 617 4429 vitam
632 4383 671 4428 ex
685 4361 750 4428 boc
763 4382 898 4429 numero
914 4364 1050 4430 onmere
1066 4374 1235 4432 conantem
1247 4364 1394 4433 Salmasii
1408 4368 1582 4433 auctoritas
1594 4362 1743 4443 deterret,
1759 4367 1815 4450 qui
1828 4362 1963 4432 Plinisn.

1561 4446 1597 4525 Γ

422 4613 463 4685 (¹)
493 4617 615 4692 atquae
632 4618 691 4695 ipse
708 4618 743 4674 de
760 4637 811 4676 suo
829 4621 960 4678 narrandi
979 4640 1077 4699 genere
1095 4621 1173 4689 dicit,
1193 4621 1242 4676 vit.
1258 4619 1322 4677 Oct.
1343 4637 1367 4675 c.
1377 4618 1404 4680 9.
1421 4617 1466 4674 61.

423 4720 466 4796 (²)
497 4722 961 4789 v.Cmauo.stuet.caa.16.
1073 4728 1115 4802 (³)
1145 4728 1283 4786 vanida
1302 4723 1585 4804 'l'pcysoiMEouqn
1652 4812 1653 4815 Ἴ

424 4830 466 4902 (⁶)
498 4829 634 4905 Porphyr.
648 4833 684 4889 ed
701 4834 758 4892 Sat.
772 4844 797 4893 t.
813 4841 841 4893 b.
861 4833 907 4895 dt.
927 4857 957 4896 se
974 4857 1085 4916 quoque
1102 4836 1214 4896 Horatii
1230 4837 1315 4896 vitam
1332 4836 1472 4912 scripsisse
1491 4847 1616 4952 tesgstpr.
