4178 5624
1004 346 1172 419 -11

354 633 413 702 rat,
436 639 584 688 narmsee
605 615 742 686 traditur
760 615 826 702 (¹);
849 616 951 682 utitur
975 614 1045 681 eius
1068 615 1259 681 auctoritate
1281 610 1473 697 Plutarchus
1496 612 1668 701 aliquoties
1691 617 1728 682 in
1747 614 1883 684 Cimone
1906 628 1942 686 et

356 742 390 806 in
408 735 540 804 Pericle.

508 847 632 915 Eodem
653 845 752 913 modo
774 851 908 931 egerunt
929 863 1013 928 quos
1035 863 1074 908 er
1093 843 1249 909 Romanis
1271 839 1484 929 scriptoribus
1499 845 1608 929 primo
1628 843 1703 911 loco
1723 865 1848 933 ponere
1864 868 1942 933 pos-

357 988 440 1033 sum:
464 969 515 1030 M.
530 967 663 1031 Porcius
684 965 774 1039 Cato,
798 963 836 1023 L.
850 959 937 1038 Piso,
960 957 1027 1023 alii:
1058 958 1174 1024 borum
1196 959 1281 1023 enim
1301 956 1358 1023 ille
1377 960 1413 1023 in
1428 955 1619 1044 Originibus
1635 979 1694 1024 sua
1709 981 1843 1048 quoque
1857 960 1940 1026 lacta

356 1081 484 1148 videtur
503 1077 661 1144 retulisse.
685 1097 714 1138 v.
733 1072 803 1141 Cic.
823 1073 914 1140 Brut.
933 1075 985 1139 23.
1008 1070 1051 1139 de
1071 1094 1117 1139 or.
1139 1076 1166 1152 1,
1180 1075 1231 1138 53.
1278 1072 1390 1138 Pisoni
1409 1082 1524 1161 postea
1544 1071 1628 1139 idem
1648 1071 1810 1160 placuisse
1830 1077 1943 1143 verisi-
1991 1087 1993 1090 ⁴

329 1232 334 1238 ·
355 1195 431 1262 mile
453 1205 510 1272 est,
533 1202 569 1257 ut
590 1191 742 1268 omnium,
766 1185 960 1274 quaedomi
981 1187 1178 1274 militiaeque
1197 1186 1336 1267 fecisset,
1359 1191 1452 1273 quasi
1471 1190 1628 1256 rationem
1645 1186 1796 1255 redderet
1816 1191 1852 1255 in
1873 1191 1943 1257 An·
2036 1259 2044 1268 ,

356 1309 486 1377 ⁰⁰¹¹b¹¹⁸
498 1313 576 1485 (de
601 1420 658 1504 qui
678 1419 848 1503 separatim
868 1419 952 1483 vitae
973 1437 1052 1481 suae
1073 1390 1258 1483 memoriam
1277 1414 1502 1503 pranderunt.
1526 1439 1626 1504 quum
1646 1415 1880 1504 P⁰m¹¹¹lt⁰¹um
1899 1437 1943 1483 Μ

356 1538 487 1604 nomina
509 1532 638 1620 quidem
658 1535 805 1611 sciamus,
828 1533 986 1619 integrum
1007 1541 1113 1598 autem
1136 1553 1220 1618 opus
1242 1541 1328 1598 extet
1348 1530 1482 1611 nullum,
1505 1534 1540 1597 in
1560 1541 1704 1599 veterum
1719 1530 1810 1599 libris
1826 1533 1860 1598 hi
1874 1531 1943 1599 lere
2014 1515 2025 1519 ⁸

358 1656 658 1718 commemorantur:

362 1781 366 1793 ¹
432 1821 437 1827 ,
507 1768 548 1827 Ρ.
564 1761 704 1830 Rutilius
716 1759 829 1847 Rufus,
853 1758 896 1827 ob
915 1760 1011 1827 Asiae
1026 1763 1213 1848 provinciae
1228 1760 1359 1827 tutelam
1374 1759 1530 1828 adversus
1545 1759 1793 1848 publicanorum
1808 1763 1942 1828 iniurias

357 1886 538 1964 susceptam
560 1886 592 1942 et
608 1878 778 1961 utriusque
793 1876 881 1941 Moe.
898 1875 1074 1942 Scaevolae
1090 1878 1227 1942 amicitia
1242 1875 1441 1955 nobilitatus,
1465 1898 1560 1962 quem
1576 1875 1724 1942 Velleius
1739 1881 1785 1960 (2,
1805 1878 1860 1958 13)
1875 1894 1943 1941 nun

357 1991 478 2059 saeculi
501 1993 560 2068 eui,
583 1989 642 2056 sed
662 1992 766 2056 omnis
786 1993 859 2054 aevi
878 1993 1034 2076 optimum
1052 1992 1157 2054 virum
1177 1988 1264 2066 dicit,
1287 2009 1339 2054 res
1355 1989 1518 2054 Romanas
1539 1988 1581 2055 ad
1602 2011 1661 2053 sua
1676 2011 1783 2072 usque
1798 2001 1943 2073 tempora

358 2106 494 2185 Graece,
516 2107 612 2170 vitam
633 2124 722 2169 suam
746 2101 893 2189 pluribus
916 2102 1007 2168 libris
1022 2105 1137 2168 Latine
1161 2104 1328 2167 enarravit.
1363 2100 1433 2168 Cic.
1453 2102 1544 2206 Brut.
1564 2105 1616 2169 29.
1639 2103 1692 2167 31.
1727 2102 1803 2166 Tac.
1819 2102 1893 2187 Agr.
1915 2104 1942 2166 1.
2064 2200 2071 2209 ἱ

358 2218 526 2288 Charisius
542 2216 723 2284 Lindemb
739 2240 770 2304 p.
781 2218 833 2284 69.
850 2218 903 2289 72.
920 2221 971 2282 80.
993 2217 1033 2295 ll,
1052 2216 1180 2282 11511

512 2331 597 2400 Cum
612 2332 737 2398 Rutilio
754 2337 805 2397 M.
819 2334 913 2397 Aem.
927 2336 1067 2397 Securus
1090 2315 1188 2417 saepe
1202 2333 1324 2396 ’iunctis
1344 2327 1497 2404 laudibus
1512 2340 1647 2416 propter
1661 2333 1801 2416 priscam
1814 2331 1950 2416 integri.
2005 2376 2012 2384 .

324 2491 327 2494 >
357 2457 453 2516 tatem
475 2445 680 2528 ellertur(³).
726 2447 878 2522 Scaurus,
900 2445 980 2509 Rufi
998 2445 1142 2528 aequalis
1159 2449 1238 2510 etin
1255 2466 1322 2528 rep.
1338 2444 1550 2522 adversarius,
1573 2448 1724 2531 princeps
1741 2454 1881 2522 senatus,
1905 2465 1944 2508 ex

358 2560 528 2629 Ciceronis
544 2557 667 2623 iudicio
683 2565 905 2642 propugnator
919 2560 997 2641 reip.
1015 2558 1291 2622 constantissimus
1308 2555 1524 2642 omnibusque
1538 2557 1711 2623 virtutibus
1728 2568 1871 2634 ornatus,
1893 2564 1946 2624 so-

359 2671 501 2739 cundum
517 2669 704 2737 Sallustium
719 2690 831 2757 magna
845 2672 922 2735 vitia
938 2668 1053 2735 callide
1069 2668 1244 2749 occultans,
1268 2673 1385 2757 etipse
1401 2669 1522 2736 devita
1537 2691 1596 2735 sua
1610 2669 1712 2736 libros
1731 2680 1797 2736 tres
1812 2668 1945 2755 reliquit

358 2790 395 2852 1..
411 2785 541 2852 Fufidio
557 2788 740 2871 inscriptos.
779 2784 818 2850 cl.
831 2783 900 2852 Cir.
916 2785 1007 2850 Brut
1021 2787 1074 2850 29.
1089 2806 1151 2870 pro
1167 2784 1252 2851 Sext
1266 2784 1317 2858 ll.
1334 2807 1395 2871 pro
1410 2786 1534 2851 Fontei.
1548 2785 1578 2856 7.
1608 2783 1683 2851 Sall
1698 2786 1773 2871 Jug.
1793 2785 1842 2850 15.
1869 2783 1943 2850 Vel

358 2900 487 2981 111111,
503 2900 533 2968 1.
554 2906 603 2965 11.
628 2899 753 2967 Charis.
770 2897 913 2965 Lindem.
926 2900 950 2964 l.
967 2923 999 2986 p.
1009 2899 1061 2965 85.
1084 2899 1233 2965 Diomed.
1250 2898 1291 2966 al.

511 3016 680 3100 Ingeniosa
695 3016 807 3078 neseio
823 3017 916 3077 cuius
940 3015 1126 3078 coniectura
1147 3023 1196 3078 est
1212 3012 1271 3095 (⁴),
1294 3012 1450 3079 Rutilium
1471 3035 1572 3098 quum
1587 3022 1704 3099 sponte
1718 3015 1753 3078 in
1768 3009 1864 3080 exilio
1879 3034 1944 3079 ma·

358 3137 450 3195 neret
466 3125 524 3209 (⁶),
547 3125 588 3190 de
603 3127 668 3188 vita
688 3145 747 3188 sua
763 3127 939 3210 scripsisse,
963 3134 999 3187 ut
1015 3133 1126 3189 contra
1142 3124 1317 3190 malevolos
1333 3146 1441 3189 rerum
1457 3146 1475 3190 a
1491 3135 1683 3190 sanctarum
1699 3131 1856 3194 rationem
1871 3126 1945 3194 red-

360 3241 464 3308 deret:
494 3261 560 3326 quo
586 3237 731 3325 exemplo
753 3238 911 3304 Scaurum
934 3237 1107 3323 impulsum
1125 3237 1216 3303 idem
1237 3238 1367 3330 iecisse:
1392 3260 1504 3305 rerum
1524 3238 1599 3305 licet
1617 3239 1735 3306 multos
1755 3239 1849 3305 talem
1865 3243 1944 3304 scri-

358 3354 459 3444 bendi
474 3375 602 3420 caueam
617 3350 770 3417 babuisse
786 3350 990 3430 concedatur,
1013 3351 1170 3438 plurimos
1186 3361 1292 3419 tamen
1307 3356 1446 3439 patrium
1461 3375 1581 3420 morem
1598 3364 1727 3420 secutos
1743 3374 1824 3432 esse,
1845 3357 1943 3441 magis

359 3472 394 3534 in
410 3477 538 3555 promtu
555 3478 618 3541 est.
1358 3539 1366 3545 ,

515 3587 555 3670 Q.
569 3583 716 3647 Lutatius
731 3580 871 3660 Cuwlue,
894 3583 951 3666 qui
967 3603 994 3645 a.
1010 3602 1042 3645 u.
1059 3583 1134 3648 652.
1151 3603 1223 3647 cum
1239 3583 1345 3648 Mario
1358 3583 1415 3647 lV.
1433 3582 1547 3649 consul
1563 3581 1651 3648 bello
1667 3580 1832 3649 Cimbrico
1847 3586 1944 3649 inter-

298 3784 302 3791 ,
360 3699 429 3776 luit,
453 3694 571 3762 librum
592 3694 634 3761 de
655 3695 825 3762 consulatu
841 3704 873 3760 et
888 3693 929 3760 de
944 3693 1042 3760 rebus
1057 3699 1154 3782 gestis
1170 3699 1238 3762 suis
1255 3700 1473 3783 conscriptum
1488 3696 1578 3763 molli
1593 3706 1625 3762 et
1640 3699 1876 3784 Xenophonteo
1890 3717 1944 3784 ge-

360 3834 437 3878 nere
454 3814 611 3878 sermonis
632 3813 717 3876 misit
740 3809 781 3875 ad
803 3811 842 3875 A.
857 3810 991 3875 Furium
1006 3819 1142 3897 poetam,
1163 3811 1348 3877 familiarem
1370 3834 1473 3878 suurn
1506 3811 1575 3878 Cic.
1596 3813 1687 3877 Brut.
1705 3813 1758 3878 35.
1782 3810 1941 3876 Plutarch.

360 3926 566 3991 1111125-
591 3925 680 3992 ldem
697 3923 843 4003 Catulus,
874 3927 927 3990 cui
943 3923 1061 3991 Cicero
1082 3927 1116 3990 in
1138 3924 1283 3992 secundo
1304 3925 1346 3991 de
1368 3947 1414 3991 or.
1435 3925 1663 4012 disputationis
1684 3935 1807 4024 partem
1822 3924 1948 4005 tribuit,

239 4029 243 4033 ’
361 4042 483 4127 prirnus
495 4037 546 4122 (⁶)
562 4049 734 4116 matronae,
750 4038 896 4124 Popiliae
911 4043 1029 4120 matris,
1047 4043 1231 4107 memoriam
1247 4044 1281 4106 in
1297 4043 1455 4106 concione
1471 4039 1607 4114 solemni
1621 4039 1808 4109 laudatione
1822 4039 1943 4106 extulit

362 4152 431 4222 Cic.
448 4152 489 4219 de
505 4174 552 4219 or.
565 4157 595 4230 2,
614 4155 663 4216 11.
710 4151 776 4217 Sed
800 4156 869 4217 eius
890 4151 932 4217 de
950 4156 1016 4218 vita
1036 4175 1094 4219 sua
1116 4154 1233 4220 librum
1250 4154 1368 4223 Cicero
1388 4155 1490 4222 nihilo
1505 4158 1665 4252 notiorem
1680 4177 1751 4222 esse
1767 4174 1862 4238 quarn
1877 4162 1943 4229 tres

362 4269 473 4336 Scauri
499 4265 600 4334 libros
628 4264 777 4348 affirmat,
806 4266 1033 4352 incipientibus
1057 4256 1125 4334 tuni
1147 4269 1346 4351 hominibus,
1373 4274 1431 4358 qni
1450 4271 1592 4339 Graecas
1615 4270 1722 4335 literas
1746 4265 1943 4348 didicissent,

401 4525 441 4594 (¹)
472 4525 563 4583 Schol.
580 4525 722 4602 Aristoph.
745 4526 810 4581 Pac.
826 4529 888 4583 830.
911 4525 994 4582 Dind.
1108 4528 1151 4603 (²)
1181 4452 1673 4584 ’.1111111111Ρ1111εᾉ111111.
1693 4523 1772 4581 1836.
1794 4530 1857 4601 pi.

400 4630 440 4703 (³)
472 4633 538 4688 tac.
549 4637 618 4710 Agr.
638 4643 661 4690 1.
677 4655 691 4691 e
705 4636 902 4712 posterioribus
916 4655 943 4693 v.
958 4637 1097 4693 Ammian.
1114 4635 1235 4692 Marcell.
1250 4642 1296 4704 30,
1311 4631 1338 4691 1.
1433 4634 1476 4704 (⁴)
1500 4633 1536 4690 cs.
1554 4632 1654 4690 Walch
1676 4635 1742 4691 Tac.
1755 4637 1823 4710 Agr.
1838 4652 1867 4708 p.
1878 4636 1939 4688 108.

398 4738 441 4813 (⁵)
474 4737 702 4812 Quintiliumlt,
723 4752 747 4799 1.
767 4733 810 4801 11.
924 4745 965 4816 (⁶)
999 4744 1267 4820 Aliterbimhhtl.
1303 4741 1441 4800 Plutarch.
1457 4741 1566 4802 Camill.
1580 4749 1605 4799 8.
1741 4796 1744 4803 .
