4178 5624
976 333 1025 406 38

883 446 1118 476 m

363 607 458 676 suu.
478 607 636 697 Vopiscus
652 603 886 690 Syracusanus,
906 599 1056 668 Caesaris
1071 599 1258 666 Maximiani
1272 610 1417 689 tempore
1431 605 1509 670 vixit
1520 604 1582 689 (¹).
1619 604 1659 672 In
1674 627 1791 692 prom-

210 729 276 796 mio
291 723 433 792 iucimde
447 730 564 801 narrat,
587 717 752 806 quomodo
768 718 838 783 lun.
851 714 1054 794 Tiberianus,
1074 713 1165 782 urbis
1179 715 1372 802 praelectus,
1393 720 1716 807 operis-suscipiendi
1729 721 1794 789 sibi

211 850 326 910 auctor
345 839 451 905 luerit.
496 838 560 902 Per
579 829 777 900 eundem'ex
796 829 944 898 bibliotla
959 830 1058 918 Ulpia
1078 828 1237 897 librorum
1258 834 1290 897 ei
1310 834 1404 918 copia
1423 831 1509 898 iacta
1529 844 1586 918 eat,
1609 834 1728 921 quibus
1750 835 1794 903 ad

211 979 278 1022 rem
294 964 443 1022 accurate
459 947 690 1018 conficiendam
706 948 840 1012 maxime
856 967 940 1032 opus
956 955 1024 1012 eret
1037 943 1092 1028 (²).
1121 946 1236 1032 ltaque
1251 945 1294 1012 de
1308 948 1387 1034 lmp.
1398 947 1564 1013 Aureliani
1578 952 1644 1016 vita
1658 943 1793 1038 copiose

170 1072 176 1095 ⁹
212 1073 375 1158 exposuit;
400 1071 452 1134 cui
466 1075 581 1154 postea
596 1061 761 1153 subiunxit
776 1055 931 1141 Tacitum,
954 1061 1149 1140 Florianum,
1171 1060 1325 1141 Probum,
1348 1059 1698 1141 deinde„minuscnlos
1714 1087 1792 1153 qua·

209 1197 287 1252 tuor
306 1181 490 1271 tyrannos,''
513 1180 570 1264 qui
591 1175 706 1242 eodem
727 1186 873 1263 tempore
889 1197 1023 1264 regnum
1038 1175 1275 1240 affectaverant.
1319 1175 1432 1241 finem
1447 1175 1569 1242 iaciunt
1584 1175 1699 1257 Caum,
1721 1181 1795 1246 Nu-

208 1304 378 1375 merianus,
401 1294 550 1364 Carinus.
595 1290 764 1377 Apollonii
780 1293 905 1375 Tyanei
920 1293 1016 1354 vitam
1039 1291 1196 1376 promittit
1209 1288 1376 1355 Aurelian.
1392 1290 1444 1356 24.
1461 1328 1502 1344 -
1537 1293 1665 1359 Eminet
1684 1303 1792 1360 autem

209 1418 373 1499 Vopiscus
394 1413 478 1474 inter
493 1410 572 1472 istos
589 1392 772 1491 scriptores,
796 1402 990 1489 quibuscum
1007 1424 1085 1468 sene
1099 1402 1202 1469 facilis
1217 1407 1382 1470 contentio
1398 1415 1476 1484 erat,
1498 1427 1598 1491 quum
1614 1405 1793 1473 emditiore

207 1531 244 1594 in
258 1524 356 1591 rebus
371 1518 586 1589 diiudicandis
602 1541 700 1585 sensu
711 1517 768 1602 (³),
785 1529 851 1612 tum
866 1517 1004 1584 consilio
1017 1518 1060 1583 ad
1069 1519 1224 1585 historiae
1234 1517 1418 1606 dignitatem
1431 1520 1723 1602 accommodatiorc
1734 1521 1792 1609 (f),

210 1642 354 1727 quemvis
374 1642 408 1703 in
429 1658 469 1703 eo
491 1633 580 1701 haud
599 1637 675 1700 satis
697 1631 760 1698 sibi
781 1641 930 1698 constare
950 1632 1098 1698 videatur
1115 1632 1177 1717 (⁶).
1222 1635 1345 1700 Rerum
1360 1633 1531 1700 relatmum
1546 1635 1615 1701 lere
1629 1634 1792 1702 dilucidus

210 1753 300 1820 ordo·
315 1763 372 1833 cst,
396 1760 428 1817 et
448 1748 612 1817 scribendi
631 1770 742 1836 genus,
765 1750 793 1813 si
813 1764 882 1812 non
900 1747 1028 1835 elegans
1041 1746 1106 1840 (⁶),
1130 1758 1162 1813 et
1182 1770 1279 1833 qnam
1299 1747 1498 1835 reliquorum
1519 1749 1619 1816 multo
1643 1749 1792 1816 emenda-

208 1865 282 1934 tiu's.
300 1906 340 1918 -
377 1865 429 1932 llli
443 1887 522 1932 vero
544 1886 606 1951 pro
626 1861 807 1929 rationibus
823 1866 899 1942 suis,
923 1865 950 1927 si
966 1884 1047 1949 quas
1063 1860 1284 1948 sequebantur
1294 1861 1352 1946 (⁷),
1376 1862 1552 1950 simplicem
1567 1886 1674 1930 rernm
1690 1867 1792 1931 conti-

207 1987 393 2050 nuationem
423 1981 531 2046 multis
558 1976 662 2044 modis
689 1975 828 2055 turbant,
859 1975 977 2040 nedum
1005 1984 1042 2040 ut
1067 1997 1180 2040 musas
1206 1975 1442 2042 reconditiores
1469 1978 1629 2062 explicare
1655 1978 1791 2044 valeant

113 2130 116 2135 ’
178 2114 185 2121 ’
210 2097 363 2164 Omnium
379 2095 447 2160 lere
463 2092 574 2158 cadem
591 2089 795 2157 consuetudo
811 2098 869 2167 est,
891 2096 928 2152 ut
943 2090 1098 2174 originem
1114 2097 1148 2152 et
1160 2086 1333 2152 affinitates
1349 2087 1530 2168 ostendant,
1551 2097 1589 2155 ut
1603 2102 1793 2156 enumerent

207 2213 333 2296 imperii
358 2221 390 2274 et
412 2210 524 2274 mortis
548 2208 655 2272 omina
676 2204 729 2270 vel
748 2203 905 2291 prodigia,
928 2204 1092 2268 bominum
1113 2201 1248 2267 mirifica
1269 2205 1402 2282 somnia,
1424 2203 1565 2269 relerant
1585 2203 1791 2283 crudelitatis,

208 2323 378 2390 libidinum
404 2321 560 2410 exempla,
589 2318 706 2386 additis
730 2329 858 2407 praeter
880 2317 983 2383 levem
1004 2316 1195 2404 plerumque
1215 2315 1545 2405 rerumpublicarum
1564 2317 1794 2405 bellorumque

207 2449 369 2524 gestorum
386 2440 728 2513 commemorationem,
745 2456 829 2519 quae
843 2432 1019 2496 liberaliter
1035 2443 1066 2496 et
1081 2442 1247 2496 sumtuose
1261 2435 1296 2496 in
1311 2431 1468 2518 populum
1484 2436 1648 2520 principes
1659 2437 1790 2521 egerint,

210 2575 293 2637 quae
316 2563 411 2616 acute
435 2550 581 2614 dixerint.
627 2547 706 2611 ldeo
731 2568 830 2628 quum
852 2548 888 2608 in
908 2554 1099 2623 ,eventorum
1119 2566 1241 2608 summa
1264 2544 1436 2610 indicanda
1457 2549 1544 2611 etin
1566 2547 1791 2612 enumerandis

207 2663 306 2729 rebus
328 2665 426 2749 magis
445 2683 538 2746 quam
554 2663 589 2724 in
605 2656 801 2745 explicandis
817 2667 849 2722 et
863 2656 1060 2722 disserendis
1075 2678 1208 2743 operam
1222 2678 1312 2722 suam
1326 2668 1494 2745 ponerent,
1518 2661 1623 2725 oratio
1639 2669 1677 2724 ut
1691 2658 1791 2746 pluri·

207 2800 293 2844 mum
309 2777 488 2864 longiorem
499 2773 671 2840 verborum
687 2770 839 2837 ambitum
854 2772 989 2859 lugierm,
1005 2774 1134 2837 minutis
1145 2770 1292 2858 partibus
1303 2776 1489 2838 continetur
1498 2794 1538 2837 ac
1548 2773 1687 2862 vulgaris
1698 2795 1792 2862 prae

208 2903 295 2958 terea
317 2888 560 2956 consuetudinis
581 2887 801 2975 negligentiam
818 2909 895 2972 prae
911 2909 947 2951 se
961 2887 1032 2951 lert.
1078 2888 1196 2970 Neque
1211 2907 1290 2950 vero
1306 2889 1354 2966 iis,
1378 2890 1510 2972 quaein
1525 2887 1791 2975 promptubabe-

207 3005 295 3085 bant,
319 3007 511 3091 cognitionis
530 3001 699 3088 praesidiis
721 2999 897 3099 prudenter
911 3003 968 3077 uti,
991 3021 1052 3064 nec
1067 3002 1212 3083 quamvis
1228 2998 1389 3065 interdum
1403 3000 1625 3089 intelligentes,
1649 3001 1728 3088 quid
1743 3004 1790 3068 hi-

81 3191 84 3195 ,
208 3122 327 3185 storias
342 3137 458 3182 munus
473 3123 623 3202 posceret
636 3111 692 3199 (⁸),
717 3135 756 3178 ex
771 3115 868 3177 animi
882 3111 992 3199 pusilli
1007 3135 1046 3176 ac
1062 3110 1185 3177 creduli
1199 3115 1316 3178 inertia
1332 3134 1493 3201 emergere
1507 3126 1692 3202 potuerunt.

360 3232 409 3298 Ex
434 3229 542 3296 multis
569 3239 674 3294 autem
703 3237 801 3313 atque
823 3225 907 3292 adeo
931 3224 1148 3292 deterioribus
1171 3225 1365 3313 quibusdam
1389 3229 1423 3293 bi
1444 3231 1541 3314 pauci
1564 3234 1682 3295 servati
1704 3241 1789 3295 sunt.

208 3349 384 3432 Nunquam
406 3348 489 3411 enim
512 3343 653 3421 deerant,
677 3345 733 3427 qui
755 3340 881 3428 cupidis
901 3323 1067 3407 hominum
1087 3340 1202 3407 studiis
1221 3340 1314 3406 libris
1328 3345 1363 3406 in
1377 3342 1461 3407 hane
1474 3345 1632 3409 rationem
1647 3343 1791 3411 scriben-

209 3460 259 3527 dis
282 3457 484 3546 indulgerent
497 3458 546 3541 (⁹)
568 3468 665 3544 atque
687 3455 923 3543 corrumpenda
942 3458 1115 3522 memoriae
1136 3458 1316 3544 integritate
1335 3455 1537 3544 temporibus
1553 3460 1712 3526 servirent
1723 3461 1788 3544 (¹⁰).

209 3573 276 3642 Sed
290 3577 324 3640 in
339 3594 452 3661 magum
467 3594 580 3639 eorum
594 3571 799 3639 multitudine
813 3574 912 3637 ceteri
928 3571 1049 3636 nullius
1068 3574 1290 3638 auctoritatem
1309 3571 1511 3659 frequentius
1531 3575 1565 3638 in
1581 3595 1648 3639 rem
1662 3584 1788 3652 vocant,

209 3712 305 3776 quam
327 3691 432 3756 Marii
450 3690 606 3754 Maximi.
651 3688 820 3772 Usurpant
840 3690 910 3751 eius
926 3689 1141 3753 testimonium
1157 3685 1228 3753 ael.
1241 3687 1430 3775 Spartianus
1445 3685 1688 3774 (lrampridius),
1707 3686 1790 3752 Vul-

196 3814 268 3870 cat.
282 3802 479 3882 Gallicanus,
502 3801 561 3869 lul.
574 3800 779 3891 Capitolinus
795 3800 943 3888 pluribus
959 3801 1049 3880 locis,
1071 3823 1111 3867 ex
1127 3800 1245 3887 quibus
1261 3811 1356 3887 patet,
1377 3811 1527 3869 accurate
1542 3823 1615 3867 eum
1629 3803 1663 3879 et
1678 3802 1789 3889 copio-

245 4104 287 4176 (¹)
318 4121 345 4157 r.
360 4101 474 4176 Vopisc.
496 4062 560 4159 Car.
572 4108 600 4163 9.
699 4078 754 4176 (²J‘
769 4124 795 4158 r.
810 4105 857 4158 vit.
873 4102 1089 4176 Aurelianum.
1107 4108 1132 4157 8.
1148 4106 1175 4164 9.
1205 4102 1310 4158 Tuci.
1404 4101 1446 4175 (²)
1473 4101 1735 4162 cl.rit.Car.2.3.

248 4195 291 4268 (⁶)
318 4192 355 4250 ct·
371 4190 525 4248 Aurem·
560 4190 681 4247 firme·
714 4191 911 4249 saturnin-11.
945 4191 1047 4252 cmi.
1082 4193 1145 4248 aad.
1167 4191 1287 4253 cauus.
1307 4194 1342 4250 as
1360 4192 1492 4253 amere.

246 4321 288 4394 (⁵)
319 4318 462 4377 Aurelian.
480 4324 525 4376 10.
558 4314 668 4375 siccut.
684 4319 729 4372 12.
764 4313 865 4372 bonos.
882 4313 927 4373 tl.
1022 4318 1065 4393 (⁸)
1096 4320 1132 4376 cl.
1151 4319 1263 4378 Cariam.
1279 4325 1323 4376 10.
1417 4321 1460 4390 (’)
1491 4314 1612 4391 Capitol.
1634 4315 1784 4375 Gordit:

209 4427 257 4482 „ea
274 4410 376 4466 debent
393 4412 423 4466 in
437 4408 551 4468 historia
564 4407 632 4484 poni
643 4406 680 4465 eb
693 4403 930 4482 historiographia,
950 4425 1020 4482 quae
1032 4419 1081 4463 aut
1093 4407 1223 4485 fugienda
1236 4421 1301 4467 sunt
1314 4421 1362 4466 aut
1373 4407 1541 4513 aeqvgsdal’
1559 4407 1622 4465 add.
1638 4427 1663 4466 c.
1672 4405 1719 4466 st.
1735 4409 1785 4468 lin.

246 4533 288 4606 (⁸)
317 4535 515 4610 receptione.
535 4535 689 4592 Macrini.
783 4532 825 4605 (⁹)
855 4529 977 4609 Capitol.
995 4530 1123 4590 Cordi:
1150 4535 1290 4612 „singulos
1313 4553 1437 4610 quosque
1456 4535 1638 4609 Imperatores
1661 4536 1785 4612 exemplo

209 4623 363 4681 multorum
379 4623 457 4682 libris
474 4625 590 4705 singulis
608 4626 644 4684 ed
661 4636 739 4682 tuam
750 4621 934 4684 Clementiam
951 4624 1165 4710 dauaurmams
1187 4645 1251 4683 nam
1265 4626 1293 4682 id
1307 4623 1408 4682 multos
1421 4624 1516 4684 secisse
1526 4625 1569 4684 rel
1582 4627 1641 4704 ipse
1652 4628 1784 4694 videram,

208 4712 252 4772 rel
269 4712 387 4772 lectione
404 4717 610 4793 conceperam.”
622 4747 649 4762 -
680 4715 765 4774 Treb.
780 4715 850 4774 l'oll.
861 4726 916 4793 tyr.
928 4723 954 4773 1.

130 4891 133 4895 .
246 4840 295 4914 (¹‘)
324 4836 600 4917 spuerecennr.
632 4841 953 4919 lampsiclteliopso.
970 4838 1076 4900 ibis.
