4178 5624
830 351 950 425 Α111

806 463 1040 494 mm

134 627 265 717 Quodsi
280 625 451 716 singularis
465 622 572 711 aliqua
586 623 688 686 virtus
704 617 856 686 laudibus
873 617 1089 701 extolleretur,
1114 623 1182 686 eius
1199 586 1246 689 rel
1261 621 1400 690 fructum
1416 624 1457 692 ad
1474 643 1601 694 amnem
1616 648 1714 719 remp.
1853 618 1856 630 '

133 747 296 832 pertinere
318 738 500 818 credebant,
529 734 616 802 unde
636 734 691 801 illa
711 734 893 822 prodiisset.
938 735 1053 821 Itaque
1074 734 1198 815 accidit,
1218 744 1259 814 ,ut
1279 742 1461 827 principum
1482 745 1634 825 virorum,
1658 747 1717 831 qui

133 858 359 926 tlormfissima
378 863 481 922 amate
501 831 659 918 laetorum
675 853 868 937 praestantia
884 848 1113 930 excelluerunt,
1136 850 1291 921 5515511115
1307 856 1348 918 sit
1364 854 1553 922 similitudo:
1578 863 1719 927 eminent

133 971 265 1061 quidem
285 992 383 1059 supra
401 967 526 1056 vrrlgus,
555 964 613 1033 sed
632 964 777 1032 referunt
799 986 910 1034 omnes
932 986 1102 1034 commune
1124 987 1257 1033 suorum
1279 971 1395 1034 civium
1417 972 1584 1057 totiusque
1604 976 1716 1041 aetatis

133 1089 295 1176 ingenium
315 1107 334 1151 a
354 1086 434 1170 reip.
453 1080 636 1148 rationibus
655 1083 786 1147 minime
804 1080 976 1148 diversum.
1015 1085 1163 1147 Vitnrum
1177 1082 1248 1148 'hoc
1270 1090 1416 1169 tempore
1436 1087 1625 1171 scriptarum
1644 1109 1717 1155 rara

133 1204 264 1290 vesfigia
285 1206 476 1287 supersuntr
504 1199 561 1285 qui
582 1194 625 1263 de
643 1199 710 1263 suis
732 1195 831 1262 rebus
853 1198 917 1284 ipsl
937 1201 1163 1286 exposuerunt,
1187 1216 1286 1285 sopra
1304 1197 1412 1274 relati;
1437 1209 1603 1285 praeterea
1630 1225 1715 1269 mor-

132 1326 262 1382 tuorum
282 1312 486 1382 laudationes
506 1319 805 1380 commemorantur.
850 1313 977 1378 Livium
1002 1322 1108 1378 antem
1128 1313 1281 1378 historiae
1296 1314 1463 1404 Romanae
1483 1316 1623 1401 priorem
1644 1338 1717 1405 par-

131 1441 195 1498 tem
209 1439 285 1518 post
299 1450 391 1518 reges
408 1428 734 1516 5555155555551555
750 1446 788 1492 er
801 1425 992 1493 familiarum
1008 1424 1166 1493 nobilium
1183 1430 1418 1494 commentariis
1434 1429 1589 1512 hausisse,
1606 1452 1715 1517 quam

132 1547 181 1610 vis
195 1543 231 1614 id
245 1547 317 1633 ipse
331 1564 400 1612 non
414 1550 558 1623 testetur,
581 1543 732 1608 universa
747 1543 857 1627 operis
873 1540 1019 1607 conditio
1034 1539 1185 1628 patelacit
1197 1538 1258 1626 (¹).

216 1684 223 1698 ··
285 1658 442 1746 Sequitur
461 1654 584 1724 liberae
603 1659 684 1743 reip.
705 1655 850 1721 ultimum
869 1664 1006 1744 tempus,
1028 1654 1204 1735 lactionum
1218 1654 1339 1724 ,studiis
1356 1654 1588 1744 perturbatum,
1611 1658 1719 1728 donec

132 1791 229 1841 omne
247 1775 416 1860 imperium
435 1775 469 1839 in
489 1774 587 1839 unius
602 1770 854 1838 dominationem
871 1773 977 1837 cessit.
1021 1769 1088 1835 lam
1104 1769 1254 1837 ordinum
1270 1770 1445 1838 concordia
1461 1774 1567 1860 primo
1583 1782 1717 1840 conten·
1835 1826 1838 1833 .

131 1885 276 1954 tionibus
296 1886 455 1969 civilibus,
477 1885 598 1953 deinde
617 1888 801 1973 principum
820 1887 994 1951 inimicitiis
1009 1884 1162 1971 paulatim
1178 1884 1336 1979 dissoluta
1352 1908 1431 1952 suae
1446 1889 1584 1973 quisque
1603 1908 1720 1956 555555

131 2000 320 2089 popularem
336 2000 532 2086 posthabere
553 2003 670 2087 coepit
714 1999 895 2084 Plerosque
915 2001 1020 2087 igitur,
1043 2001 1100 2085 qui
1120 2001 1180 2065 hac
1200 2009 1303 2065 aetate
1323 2010 1379 2065 aut
1399 2021 1489 2067 suam
1510 2011 1566 2066 aut
1581 2002 1718 2069 aliorum

131 2119 228 2181 vitam
250 2118 501 2202 composuerint,
523 2117 663 2202 partium
682 2112 863 2180 rationibus
883 2116 1002 2200 potins,
1026 2132 1122 2199 quam
1143 2117 1222 2202 reip.
1239 2113 1410 2181 commodo
1432 2118 1553 2181 servire
1568 2116 1720 2182 maluisse

132 2238 250 2317 sponte
274 2233 491 2316 suspicamur:
524 2238 556 2295 et
581 2226 774 2295 confirmant
799 2248 868 2292 earn
891 2229 1077 2313 opinionem
1101 2230 1178 2297 satis
1203 2227 1336 2294 crebrae
1357 2234 1657 2298 commentariorum
1679 2251 1719 2298 eo

130 2354 278 2432 tempore
292 2341 453 2408 editorum
467 2345 657 2407 mentiones.
720 2373 723 2377 v
1137 2338 1146 2352 '

286 2457 395 2522 Tertia
420 2464 509 2522 aetas
534 2456 765 2542 imperatorum
792 2462 851 2518 est.
897 2455 980 2519 Tum
1007 2473 1086 2519 vero
1113 2454 1263 2540 permulti
1288 2456 1372 2520 hanc
1400 2454 1563 2522 scribendi
1587 2477 1719 2544 operam

132 2579 353 2658 susceperuut,
376 2567 435 2634 scd
455 2569 582 2635 diverm
602 2589 697 2655 (55555
712 2565 877 2654 prioribus
888 2566 942 2653 (²)
958 2569 1029 2634 eius
1043 2570 1091 2633 rei
1105 2566 1176 2657 lege
1190 2572 1367 2656 proposita.
1411 2570 1506 2658 Reip.
1523 2574 1607 2636 enim
1622 2570 1720 2638 liber-

131 2693 196 2751 tate
218 2687 253 2751 in
272 2685 488 2771 principatum
508 2703 601 2748 versa
622 2703 738 2770 magno
756 2681 909 2770 paulatim
925 2680 1109 2749 discrimine
1125 2686 1249 2770 seiungi
1265 2694 1380 2771 coepta
1397 2693 1446 2750 est
1460 2683 1592 2770 publica
1608 2696 1639 2752 et
1654 2689 1720 2773 pri-

131 2809 203 2865 vata
226 2799 392 2865 hominum
411 2799 488 2862 vita.
531 2797 655 2882 Neque
671 2799 734 2861 1555
754 2794 800 2860 illi
818 2797 952 2860 55551555
973 2799 1140 2880 conspicui
1163 2805 1262 2875 erant,
1289 2800 1346 2882 qui
1367 2799 1509 2862 universi
1529 2797 1643 2885 populi
1664 2807 1719 2866 aut

133 2921 292 2981 certarum
312 2916 449 3001 partium
470 2913 632 2998 ingenium
654 2917 685 2974 et
701 2907 834 2974 consilia
849 2928 928 2995 prae
944 2911 1057 2974 ceteris
1073 2908 1164 2974 lactis
1180 2912 1246 2974 suis
1262 2913 1483 2995 exprimerent,
1505 2931 1567 2977 nec
1583 2915 1639 2997 qui
1653 2917 1719 2978 avi·

131 3039 195 3094 tam
210 3025 341 3114 glanum
356 3023 501 3092 moribus
516 3027 582 3090 suis
598 3026 680 3090 tueri
694 3021 823 3103 vellent,
839 3021 897 3089 sed
914 3044 997 3110 quos
1012 3026 1167 3110 principis
1182 3023 1275 3089 favor
1290 3023 1452 3103 erurlerat,
1469 3034 1500 3089 et
1511 3029 1539 3090 si
1551 3029 1622 3111 quis
1635 3025 1719 3092 forte

65 3173 68 3178 ·
130 3143 264 3229 propria
279 3139 430 3205 lacultate
445 3158 483 3204 ac
497 3142 640 3227 potentia
658 3136 826 3204 eminebat
856 3137 1041 3205 Nobilitatis
1059 3142 1141 3203 enim
1154 3136 1276 3203 viribus
1289 3137 1405 3218 lractis,
1421 3161 1519 3225 quum
1531 3161 1717 3228 magnorum

130 3257 297 3323 nominum
311 3252 468 3343 splendor
481 3257 580 3341 magis
595 3255 759 3340 magisque
775 3260 987 3332 evanesceret,
1004 3272 1200 3317 summorum
1215 3252 1378 3319 hominum
1393 3257 1514 3339 posteri
1530 3264 1585 3322 aut
1597 3258 1718 3343 prinei-

131 3391 208 3457 pum
225 3367 303 3437 odio
319 3378 374 3434 aut
388 3377 568 3455 temporum
584 3370 749 3454 iniquitate
761 3365 815 3434 alii
830 3364 871 3432 ad
882 3365 1052 3454 inglorium
1064 3370 1163 3432 otium
1177 3364 1237 3451 (³),
1254 3365 1305 3431 alii
1316 3365 1359 3432 ad
1371 3366 1533 3433 sordidam
1546 3379 1717 3456 egestatem

132 3486 269 3552 5551155
284 3481 514 3568 turpitudinem
528 3481 662 3567 delapsi,
678 3491 800 3547 tantum
815 3480 926 3547 aberat
936 3488 973 3547 ut
984 3488 1110 3567 patrum
1122 3481 1278 3546 honorem
1291 3484 1474 3563 retinerent,
1490 3492 1526 3548 ut
1538 3483 1717 3571 opprobrio

132 3607 241 3665 essem
255 3599 427 3663 memoriae
442 3615 564 3662 eorum.
609 3597 714 3664 Sertis
729 3605 793 3662 tam
808 3598 924 3662 misere
937 3604 1077 3661 mutatae
1093 3594 1234 3683 exempla
1249 3595 1370 3662 habent
1384 3597 1508 3663 Seneca
1525 3608 1557 3663 et
1572 3600 1717 3674 Tacitum
1818 3598 1822 3607 ’

131 3711 206 3778 vua
220 3713 315 3790 nunc,
338 3712 423 3777 san.
439 3716 470 3790 2,
482 3713 535 3777 55.
556 3713 588 3794 5,
602 3713 653 3778 55.
667 3712 719 3776 55.
742 3709 772 3791 5,
789 3713 837 3781 55.
855 3712 884 3792 5,
896 3713 949 3778 29.
968 3714 1018 3790 55,
1032 3711 1083 3776 55.
1103 3713 1152 3791 55,
1165 3710 1218 3776 55.
1235 3712 1283 3792 55,
1299 3709 1352 3779 55.
1398 3690 1505 3778 Saeua
1521 3714 1603 3776 enin
1619 3710 1717 3776 euce-

132 3823 211 3893 bant
230 3830 392 3915 principes
411 3846 469 3892 eos
484 3829 621 3914 negotiis
635 3824 823 3913 praeficere,
847 3844 931 3912 quos
946 3845 1015 3892 non
1030 3834 1166 3914 propter
1178 3828 1334 3891 maiorum
1349 3829 1469 3904 merita,
1493 3824 1549 3889 sed
1566 3826 1632 3890 suis
1647 3834 1717 3890 tan·

133 3948 201 4005 tum
215 3937 381 4006 beneficiis
400 3940 462 4007 sibi
478 3939 701 4006 devinxissent.
746 3939 825 4006 ldco
840 3944 979 4007 rariores
995 3950 1073 4007 tnnc
1087 3944 1229 4005 viromm
1245 3944 1349 4025 prisca
1365 3936 1531 4004 nobilitate
1546 3941 1716 4027 insignium

132 4056 218 4118 vitae
237 4051 369 4140 publica
383 4059 536 4121 memoria
552 4053 705 4134 celebres,
727 4053 920 4143 prohibente
934 4052 1126 4140 plerumque
1139 4056 1362 4139 imperantium
1379 4057 1572 4141 suspicione,
1595 4075 1637 4120 ne
1651 4057 1716 4139 pri-

132 4166 198 4233 isti
217 4168 355 4234 hominis
375 4188 495 4234 nomen
513 4190 613 4256 supra
634 4171 788 4256 principis
809 4161 1009 4234 attolleretur
1024 4166 1084 4252 (⁴).
1121 4168 1246 4234 Verum
1267 4171 1337 4256 ipsa
1356 4169 1417 4235 hac
1436 4167 1585 4256 publicae
1605 4166 1715 4231 salutis

135 4279 228 4347 clade
243 4293 419 4352 commotos
437 4281 597 4350 interdum
612 4280 768 4362 videmus,
791 4284 847 4369 qui
861 4304 958 4370 quum
974 4285 1008 4349 in
1024 4304 1062 4348 ea
1076 4292 1222 4369 tempora
1237 4287 1304 4350 nati
1319 4293 1433 4361 essent,
1455 4279 1572 4370 quibus
1587 4279 1716 4345 fimare

170 4558 212 4630 (¹)
244 4555 281 4614 cl.
295 4556 324 4614 J.
339 4555 374 4616 C.
389 4558 503 4636 Strage,
523 4532 557 4617 de
575 4560 659 4618 lontt.
681 4561 741 4618 Lir.
762 4560 782 4618 1.
795 4565 821 4617 2.
836 4567 864 4617 3.
886 4560 1013 4618 Francos.
1028 4556 1128 4617 Viadr.
1151 4555 1231 4616 1831.

171 4665 212 4739 (²)
243 4666 376 4742 Teurpori
401 4677 464 4742 post
487 4687 610 4746 pugnarn
630 4671 771 4727 Actiacam
795 4668 877 4746 plane
899 4687 1031 4725 converso
1050 4668 1103 4742 ipsi
1122 4666 1285 4742 5555515555
1303 4665 1450 4742 scriptores
1469 4682 1609 4742 opponere
1626 4664 1716 4726 solent

132 4761 217 4830 prius
236 4776 350 4826 aevum,
370 4765 502 4813 veterem
520 4765 646 4814 aetatem
664 4771 693 4817 et
711 4759 820 4817 similia.
854 4779 881 4815 r.
892 4757 1003 4815 Walch.
1024 4759 1091 4814 Tac.
1106 4758 1178 4834 Agr.
1197 4775 1227 4831 p·
1240 4760 1303 4819 119.

172 4864 215 4939 (³)
245 4863 438 4963 Τ55.11151.1,
453 4870 485 4924 5:
506 4864 648 4944 „plerique
666 4869 779 4924 nomine
796 4866 945 4946 magnifico
962 4882 1045 4943 segue
1062 4865 1152 4923 otium
1169 4863 1326 4924 relabant.”

1406 4866 1447 4938 (⁴)
1478 4865 1544 4924 Tac.
1566 4865 1693 4940 Agr.39.

1115 4996 1122 5012 =
1237 5034 1240 5039 ,
1376 4972 1432 5035 cr
