4178 5624
1016 363 1065 434 18

249 662 362 730 magna
382 640 552 727 promittit,
568 640 603 702 in
623 634 742 723 quibus
762 629 961 722 praestandis
981 634 1111 718 ineptus
1130 631 1267 712 ridetur,
1289 643 1326 698 ut
1347 638 1404 719 qni
1424 655 1467 700 ne
1483 637 1683 701 Leuctricam
1699 634 1832 721 quidem

250 777 390 843 pugnam
406 762 641 821 commemoret.
685 752 803 834 Neque
817 750 915 834 igitur
929 741 1086 813 rationem
1101 750 1172 812 iniit
1187 746 1228 813 ad
1243 746 1277 812 id
1293 747 1384 832 qnod
1398 747 1503 813 voluit
1518 753 1594 815 satis
1610 746 1832 816 accommoda·

250 879 327 944 tam;
350 889 424 933 nam
444 871 525 934 istae
545 871 680 932 vitarum
702 864 918 948 expositiones
938 880 1006 928 non
1025 871 1108 942 sunt,
1132 861 1189 927 sed
1206 884 1313 927 rerum
1328 859 1369 926 ab
1385 861 1564 929 illustribus
1579 867 1655 930 viris
1671 873 1831 951 gestarum

249 981 334 1048 tituli
358 993 390 1048 et
411 981 545 1052 indices.
590 977 721 1063 Quibus
745 978 818 1060 quis
841 973 987 1042 moribus
1007 975 1112 1057 luerit,
1136 979 1297 1063 ingenium
1319 976 1485 1062 quomodo
1509 978 1693 1058 excoluerit,
1716 976 1832 1043 adres

249 1096 388 1185 agendas
405 1096 524 1182 quibus
540 1094 645 1156 causis
661 1093 786 1155 animus
801 1093 1017 1172 incitatussit,
1039 1111 1135 1192 nemo
1151 1092 1227 1155 binc
1242 1094 1317 1155 satis
1334 1101 1516 1177 cognoscet.
1559 1092 1662 1157 Nacta
1679 1103 1728 1158 est
1750 1093 1832 1157 baec

249 1215 332 1277 ratio
347 1231 452 1296 nuper
466 1205 665 1272 laudatorem
680 1227 783 1284 suum,
798 1205 1021 1272 Schlosserum
1033 1203 1094 1288 (¹),
1111 1209 1167 1290 qui
1183 1202 1330 1270 Cornelii
1344 1203 1463 1270 librum
1475 1204 1629 1271 Sallustio
1645 1210 1833 1292 oppositum

249 1347 321 1392 esse
337 1328 496 1410 opinatur,
511 1331 548 1385 ut
561 1323 750 1385 vitiosorum
764 1339 890 1384 morum
906 1318 1046 1406 exempla
1060 1321 1213 1383 virtutum
1227 1318 1434 1406 splendorem
1450 1341 1468 1384 e
1485 1321 1647 1390 contrario
1659 1318 1833 1388 obversum

249 1439 412 1504 baberent.
457 1433 549 1500 lstud
563 1455 642 1500 vero
658 1443 707 1498 est
721 1432 818 1520 longc
833 1431 978 1519 dispares
993 1435 1108 1519 iniquo
1124 1436 1297 1519 certamine
1313 1434 1470 1501 conferre.

403 1551 526 1615 Verum
547 1558 583 1615 ut
597 1548 736 1617 voluerit
754 1534 893 1634 scriptor
907 1548 964 1612 bas
979 1568 1031 1612 res
1047 1557 1111 1611 tam
1127 1546 1249 1612 exiliter
1264 1558 1409 1628 tractare,
1433 1558 1538 1616 tamen
1554 1549 1595 1615 ad
1611 1553 1715 1637 ipsum
1730 1551 1832 1615 bisto-

249 1670 325 1732 riae'
337 1686 452 1746 munus
471 1667 652 1729 virescum
667 1684 780 1750 parum
795 1660 1141 1727 exercitatasattulisse
1156 1683 1208 1726 res
1223 1662 1343 1729 relatae
1359 1675 1618 1730 commonstrant.
1664 1664 1832 1751 Siquidem
1851 1671 1854 1674 ’

249 1789 298 1847 tot
319 1778 482 1846 erroribus
503 1781 688 1864 inquinatae
700 1787 785 1842 sunt
805 1778 866 1842 hac
886 1779 980 1855 vitae,
1003 1786 1039 1840 ut
1057 1775 1220 1842 levissime
1233 1787 1398 1844 auctorem
1418 1800 1525 1845 rerum
1546 1790 1705 1866 gestarum
1725 1778 1834 1844 studia

249 1898 398 1982 attigisse,
422 1881 563 1980 eiusque*
579 1891 700 1971 iudicii,
724 1913 790 1978 quo
813 1913 866 1956 res
889 1888 1021 1955 traditas
1045 1889 1236 1975 dignoscere
1259 1891 1407 1973 debebat,
1430 1893 1526 1980 plane
1550 1905 1711 1981 expertem
1732 1893 1833 1958 luisse

249 2020 390 2096 arguant
410 2087 412 2092 .
436 2011 562 2073 Etenim
586 2017 618 2071 et
640 2027 692 2070 res
718 2015 750 2069 et
772 2007 919 2069 homines
939 2003 1095 2082 diversos,
1119 2004 1183 2068 sed¹
1199 2009 1256 2089 qui
1279 2005 1364 2069 idem
1387 2027 1506 2071 nomen
1529 2007 1693 2084 baberent,
1717 2011 1834 2072 misere

249 2121 427 2200 confundit,
450 2131 631 2206 temporum
651 2121 808 2184 rationem
829 2116 912 2183 ialso
934 2119 1109 2196 constitnit,
1133 2116 1261 2183 casdem
1281 2139 1334 2193 res
1355 2118 1425 2183 aliis
1446 2118 1528 2183 locis
1552 2122 1715 2186 contrario
1733 2107 1833 2187 modo
1855 2103 1858 2106 ‚

248 2235 400 2319 ιιιιίιι(2
405 2242 429 2318 ).
474 2234 604 2301 Habent
624 2233 700 2299 talia
721 2233 861 2319 aliquam
883 2234 1133 2332 excusationem:
1157 2235 1272 2318 raptim
1295 2242 1327 2297 et
1347 2237 1533 2299 memoriter
1548 2233 1738 2303 Cornelium
1754 2239 1834 2299 scri-

249 2354 362 2438 psisse,
384 2349 455 2415 aliis
478 2372 574 2436 quam
596 2359 722 2415 ceteros
744 2347 883 2414 ducibus
898 2362 992 2412 usum
1009 2367 1080 2411 esse
1095 2348 1193 2425 aiunt,
1217 2368 1255 2411 ac
1270 2368 1312 2412 ne
1327 2348 1453 2413 Livium
1471 2348 1600 2434 quidem
1616 2347 1767 2436 gravibus
1783 2370 1833 2415 cr-

157 2489 162 2497 ·
229 2463 377 2546 ,roribus
401 2487 519 2530 carere.
564 2466 626 2528 lta
635 2485 714 2527 vero
738 2461 817 2546 quid
838 2481 907 2525 non
927 2458 1151 2524 excusabitur?
1184 2461 1253 2523 lmo
1274 2461 1354 2525 baec
1374 2472 1423 2526 est
1445 2461 1547 2528 libelli
1568 2467 1715 2543 tenuitas,
1743 2473 1832 2529 tanta

247 2583 359 2643 insunt
381 2581 471 2654 vitia,
499 2587 537 2640 ut
561 2574 731 2640 Ciceronis
754 2572 807 2637 vel
828 2574 967 2658 Augusti
993 2581 1096 2636 aetate
1119 2571 1357 2657 indignissimus
1381 2574 1543 2639 videatur:
1576 2597 1643 2660 quo
1666 2577 1832 2643 literarum

247 2692 465 2757 Romanarum
486 2710 567 2755 aero
587 2687 816 2754 florentissimo
839 2683 902 2772 qui*
915 2666 1077 2751 historiae
1089 2683 1280 2785 scribendae
1300 2688 1430 2774 operam
1446 2687 1574 2768 dabant,
1599 2710 1655 2754 eos
1672 2710 1783 2756 omnes
1800 2703 1833 2757 et

249 2803 425 2891 eruditiore
445 2813 552 2870 mente
574 2813 607 2869 et
627 2793 733 2869 animo
755 2801 897 2881 elatiore,
920 2799 1062 2886 denique
1082 2803 1204 2866 maiore
1224 2811 1292 2866 arte
1310 2803 1485 2869 instructos
1501 2802 1601 2869 luisse
1616 2803 1830 2892 intelligimus,

249 2941 345 3005 quam
367 2923 425 3005 qui
444 2922 479 2986 in
499 2920 686 3008 gravissimo
708 2919 808 3006 opere
823 2927 886 2982 tam
901 2918 1018 2994 ieiune,
1041 2936 1084 2980 ne
1100 2913 1203 2980 dicem
1219 2916 1386 3001 pueriliter
1400 2939 1495 3004 agere
1509 2928 1652 3004 possent.
1696 2919 1832 2986 Nullum

247 3033 365 3124 librum
387 3037 421 3096 in
442 3033 547 3096 lucem
568 3044 635 3096 tum
655 3035 804 3096 emissum
824 3050 896 3095 esse
916 3027 1025 3106 credo,
1048 3031 1106 3114 qui
1125 3027 1265 3113 aliquam
1284 3052 1357 3095 cum
1372 3031 1436 3096 boc
1451 3031 1690 3099 similitudinem
1705 3032 1829 3101 habeat.

127 3161 139 3184 ·
247 3149 338 3213 Ilaec
356 3149 452 3232 igitur
472 3144 548 3210 libri
569 3142 692 3211 exilitas
713 3154 769 3222 est,
794 3165 866 3228 qna,
888 3141 966 3207 licet
986 3152 1091 3208 cetera
1110 3154 1295 3230 argumenta
1315 3155 1568 3226 contemnantur,
1590 3153 1774 3213 necessario
1795 3154 1831 3214 in

247 3264 429 3348 posteriora
448 3270 594 3347 tempora
613 3241 797 3325 detruditur
812 3256 874 3342 (³).
918 3257 1036 3343 Neque
1056 3261 1163 3343 potuit
1184 3257 1367 3338 Cornelius,
1391 3259 1519 3345 qualem
1541 3271 1574 3326 et
1589 3283 1626 3327 cx
1640 3261 1777 3327 aliorum
1790 3262 1829 3327 li-

173 3398 184 3418 =
247 3375 381 3440 brorum
396 3374 551 3460 reliquiis,
574 3383 606 3438 et
616 3359 661 3438 'cx
674 3383 819 3439 veterum
834 3373 1033 3450 testimoniis,
1056 3381 1154 3457 atquc
1171 3393 1208 3437 ex
1226 3394 1423 3439 summorum
1438 3376 1602 3442 bominum
1617 3376 1828 3442 familiaritate

248 3491 406 3567 novimus,
435 3498 491 3553 aut
513 3489 593 3554 baec
613 3491 658 3555 ita
682 3486 832 3567 scribere,
859 3497 923 3566 aut,
953 3487 982 3551 si
1004 3487 1193 3574 scripsisset,
1217 3507 1348 3573 sperare
1371 3489 1552 3574 aequalium
1576 3513 1768 3578 quemquam
1792 3513 1829 3556 ea

247 3601 405 3668 lecturum
420 3624 500 3668 esse.
526 3604 610 3669 Nan
625 3605 747 3668 etiamsi
762 3621 903 3667 summae
914 3603 1112 3667 auctoritatis
1122 3605 1262 3688 scriptor
1272 3622 1340 3667 non
1352 3603 1448 3668 luerit
1457 3603 1514 3687 (⁴),
1527 3616 1632 3670 tamen
1644 3606 1733 3691 quod
1746 3627 1828 3685 eum,

248 3717 316 3783 aliis
341 3716 384 3783 ob
408 3715 603 3804 diligentiam
623 3716 797 3796 laudatum,
820 3716 945 3781 Plinius
966 3719 1083 3781 nimiae
1105 3715 1301 3781 credulitatis
1323 3720 1450 3790 incusat
1465 3717 1526 3802 (⁵),
1549 3719 1644 3784 idad
1666 3718 1829 3784 diversum

233 3852 354 3896 -cernm
375 3853 476 3918 genus
496 3835 643 3918 pertinet.
689 3833 798 3928 sitque
817 3833 851 3896 in
870 3833 975 3917 primo
996 3834 1101 3895 statim
1124 3834 1232 3918 operis
1252 3817 1361 3896 limine
1384 3837 1598 3919 cognoscitur,
1627 3842 1828 3919 quantopere

248 3946 330 4009 haec
362 3944 524 4011 scribendi
553 3949 636 4012 ratio
663 3945 711 4010 illi
732 3948 828 4011 aetati
850 3936 1016 4031 repugnet
1060 3947 1255 4024 Atticumne,
1284 3931 1444 4012 bominem
1468 3945 1613 4012 Graecae
1638 3946 1827 4014 eruditionis

248 4059 389 4146 plenum,
410 4080 463 4123 cas
479 4080 531 4124 res
547 4059 658 4126 doceri
674 4059 825 4126 debuisse
842 4058 1019 4125 credimus?
1041 4059 1137 4125 Iterat
1152 4058 1279 4126 easdem
1295 4061 1405 4146 Epam.
1418 4064 1484 4126 init.
1500 4065 1593 4147 quasi
1608 4061 1727 4128 oblitus
1744 4084 1828 4148 quae

248 4185 340 4240 autea
363 4171 505 4239 dixisset.
549 4172 701 4239 Elocutio
724 4185 760 4238 ut
775 4173 1036 4240 Theodosianum
1057 4196 1170 4241 aevum
1190 4178 1259 4242 nou
1280 4174 1414 4256 redolet,
1439 4175 1528 4263 quod
1550 4197 1647 4261 supra
1665 4179 1829 4242 concessi·

253 4341 1825 4376 ---—-—————-·—-⁸-...-...--—...----1-—--—-.

285 4471 327 4544 (¹)
359 4470 568 4529 Uniremalbist.
584 4466 681 4529 oben.
693 4477 722 4541 2,
734 4477 762 4529 1.
779 4472 842 4530 565.
954 4474 996 4548 (²)
1027 4432 1143 4542 Eorum,
1166 4493 1237 4549 quaa
1255 4475 1284 4530 in
1304 4473 1416 4528 historia
1419 4447 1642 4549 ffrbrouologra
1662 4473 1825 4551 geographia
1890 4496 1899 4514 ι

248 4563 380 4635 peccarit,
399 4562 524 4639 exempla
536 4576 732 4640 congesserunt
745 4564 852 4622 Wetcel
864 4566 912 4622 rit
929 4562 1015 4624 Corn.
1036 4571 1123 4639 p..15
1161 4563 1261 4621 Dibne
1279 4568 1357 4638 p.8
1340 4568 1408 4618 ·10.
1436 4562 1565 4698 Wiggerr
1578 4562 1712 4640 Quaerit
1708 4565 1759 4621 dc
1778 4562 1826 4623 ΑΙ-

219 4650 303 4707 ·cib.
325 4655 405 4706 1833.
445 4653 638 4731 Fraudenberg
656 4653 782 4730 Quaerit.
803 4655 867 4713 bist.
890 4660 970 4716 1839
990 4653 1047 4711 alii.

285 4755 329 4832 (³)
360 4756 397 4813 ci.
415 4757 446 4814 E.
462 4761 643 4830 delaeutscb,
663 4762 857 4821 Zeitscbrilli.
875 4762 993 4821 Altertb
1017 4760 1207 4819 18311111
1285 4762 1325 4835 (⁴)
1356 4762 1395 4822 cs.
1411 4762 1538 4820 nantel.
1551 4761 1581 4856 l*
1591 4781 1619 4838 p
1633 4767 1676 4818 15
1692 4765 1736 4825 19

285 4865 328 4940 (⁸)
358 4863 431 4923 rna.
447 4863 580 4937 n.11.s‚
596 4874 639 4926 18.
660 4875 731 4936 5,1.
