4178 5624
1146 347 1196 420 90

384 623 521 687 animum
543 582 705 707 expediret
725 612 947 683 constantibus
967 611 1118 700 exemplis
1135 611 1192 696 (¹),
1214 616 1364 700 antiquae
1382 616 1508 683 virtutis
1523 621 1720 700 memoriam,
1743 617 1894 689 desiderii
1907 590 1960 689 sui

383 744 505 816 testem,
528 736 654 819 scriptis
670 732 858 798 recolerent
1454 745 1457 752 ·

503 923 507 933 Ι
533 849 571 913 ln
589 851 734 934 ipsorum
749 844 926 912 Caesarum
941 845 1007 908 vita
1021 842 1107 910 idem
1122 842 1295 910 discrimen
1309 847 1461 927 cernitur,
1484 844 1526 911 de
1541 867 1609 933 quo
1624 869 1721 936 supra
1736 853 1861 927 monui:
1885 813 1972 919 ιιιιιιιἸ

382 963 558 1031 domcstica
577 965 643 1026 vita
664 970 695 1025 et
714 958 787 1024 aula
808 961 903 1023 certis
923 957 1046 1024 finibus
1061 981 1081 1025 a
1096 959 1225 1045 reliquo
1240 962 1375 1047 imperio
1392 959 1561 1040 disiuncta,
1583 982 1693 1047 parem
1708 973 1814 1032 tamen
1828 970 1965 1054 gravita-

272 1116 276 1127 2
382 1087 446 1145 tem
466 1076 614 1145 obtinere
636 1075 751 1159 coepit
797 1073 927 1138 Ex‘hac
947 1076 1043 1161 igitur
1063 1083 1244 1160 temporum
1265 1078 1479 1142 conversione
1496 1079 1681 1142 necessario
1696 1083 1802 1144 evenit
1817 1083 1963 1167 primum,

382 1204 420 1258 ut
435 1214 519 1279 quae
534 1199 627 1256 antea
642 1190 823 1252 universam
838 1208 937 1274 remp.
953 1197 1160 1275 spectaverat,
1180 1189 1313 1261 historia
1328 1210 1417 1254 nunc
1431 1187 1533 1256 multo
1548 1193 1646 1278 magis
1662 1191 1966 1281 singulorumpriu·

384 1310 491 1394 cipum
510 1307 606 1369 vitam
626 1310 884 1389 persequeretur,
907 1300 1026 1367 deinde
1045 1312 1082 1367 ut
1102 1305 1137 1368 in
1156 1305 1230 1367 vitis
1246 1301 1425 1369 scribendis
1440 1325 1508 1370 non
1525 1314 1589 1370 tam
1604 1303 1645 1372 ad
1661 1305 1808 1392 publicas
1823 1312 1966 1378 rationes

384 1432 416 1488 et
435 1441 487 1485 res
508 1428 611 1505 gestas
631 1419 755 1483 animus
771 1414 1000 1498 adverteretur,
1024 1438 1120 1502 quam
1136 1414 1178 1482 ad
1192 1419 1312 1504 ingenii
1327 1440 1519 1505 morumque
1532 1423 1701 1507 proprium
1716 1420 1859 1488 habitum
1876 1422 1967 1492 etad

383 1533 551 1600 domestici
569 1535 674 1597 victus
696 1529 956 1596 consuetudines.
1002 1531 1186 1616 Utrumque
1201 1532 1350 1598 Velleius
1370 1533 1511 1620 probare
1532 1544 1653 1621 potest,
1682 1539 1869 1622 praesertim
1890 1557 1966 1602 curu

382 1644 780 1736 proximesuperioribus,
804 1644 894 1710 velut
908 1644 1072 1724 Sallustio,
1094 1646 1189 1712 Livio
1210 1645 1356 1712 collatus.
1402 1648 1527 1736 lugenti
1549 1649 1718 1717 intervallo
1735 1650 1869 1727 distaut;
1892 1636 1965 1716 baur

383 1784 464 1850 quas
481 1761 530 1827 illi
544 1763 745 1848 potissimum
760 1763 863 1826 secuti
879 1769 978 1840 erant,
1001 1758 1141 1846 puhlicis
1157 1761 1337 1828 rationibus
1353 1761 1501 1828 Velleius
1516 1756 1689 1850 tantopere‘
1700 1767 1885 1852 anteposuit
1898 1767 1965 1850 pri-

335 1884 338 1894 '
381 1886 480 1958 vetas,
503 1885 540 1942 ut
553 1875 607 1942 vel
622 1878 657 1941 iri
671 1874 831 1942 bellorum
847 1879 1149 1942 commemoratione
1164 1875 1232 1942 iere
1247 1876 1464 1957 brevissimus,
1473 1854 1522 1943 ¹iu
1536 1879 1701 1946 hominum
1716 1882 1852 1966 ingeniis
1867 1881 1965 1945 mori-

380 1975 511 2076 busque
526 1989 723 2056 illustrandis
739 1988 912 2054 admodum
929 1991 1082 2074 copiosus
1099 1999 1184 2053 esset
1195 1987 1256 2071 (⁹),
1272 1999 1304 2053 et
1320 1993 1451 2055 omnino
1467 2012 1623 2075 personas
1640 2015 1736 2077 quam
1751 2016 1803 2057 res
1818 1996 1965 2078 potiores

381 2105 524 2172 haberet
567 2105 727 2170 Nimirum
747 2101 915 2168 desinebat
936 2103 1102 2168 homiuum
1122 2100 1238 2190 vulgus
1258 2105 1337 2189 reip.
1358 2101 1465 2168 studia
1486 2088 1612 2190 agitare,
1636 2103 1678 2169 ad
1698 2127 1795 2191 quam
1809 2104 1966 2172 accedere
2003 2116 2008 2122 '

382 2222 537 2307 principis
554 2218 687 2285 arbitrio
694 2217 907 2284 vetabantur:
931 2227 963 2284 et
978 2216 1169 2304 plerumque
1183 2220 1301 2304 privati
1315 2219 1461 2284 homines
1477 2217 1636 2284 eiusmodi
1651 2217 1741 2284 libris
1758 2219 1968 2288 conscriben-
2003 2224 2012 2234 “

382 2334 432 2400 dis
453 2337 566 2400 intenti
587 2344 686 2399 erant.
733 2332 865 2419 Quotus
882 2335 965 2399 enim
987 2336 1125 2420 quisque
1139 2333 1208 2413 luit,
1233 2336 1289 2419 qui
1304 2335 1505 2420 ingeniorum
1520 2333 1741 2400 Romanorum
1755 2336 1820 2400 vim
1835 2337 1982 2422 optimis.

379 2453 460 2536 reip.
482 2449 681 2534 temporibus
704 2458 736 2512 et
756 2448 919 2512 literarum
941 2457 972 2510 et
991 2449 1071 2530 reip.
1091 2446 1251 2531 gerendae
1271 2446 1386 2511 studiis
1403 2469 1512 2532 parem
1533 2447 1723 2534 aequalibus
1739 2458 1807 2515 tum
1822 2448 1963 2537 probare

258 2546 271 2572 ⁸
381 2567 511 2649 posset?
542 2561 649 2645 Quam
671 2561 767 2644 igitur
786 2568 950 2644 praestare
969 2579 1038 2622 non
1057 2567 1208 2645 poterant
1230 2558 1354 2623 civilem
1371 2560 1581 2644 prudentiam,
1604 2562 1727 2626 artibus
1744 2583 1782 2626 ex
1797 2565 1963 2630 rhetorum

382 2674 502 2742 scholis
522 2676 630 2761 petitis
653 2693 863 2760 compensare
879 2669 1061 2739 studebant.
1107 2671 1225 2738 Secuta
1247 2681 1322 2740 sunt
1343 2693 1381 2738 ea
1396 2681 1549 2760 tempora,
1568 2673 1691 2760 ¹quibus
1707 2677 1822 2741 inertie
1837 2697 1898 2762 pro
1915 2698 1965 2742 sa-

380 2792 503 2878 pientia
523 2789 584 2854 tuit
594 2787 655 2874 (³),
678 2797 776 2874 atque
792 2786 944 2874 paulatim
959 2790 1061 2874 ipsius
1077 2789 1211 2852 inertiae
1226 2785 1367 2853 dulcedo
1383 2791 1507 2854 animos
1522 2786 1631 2854 subiit
1675 2789 1714 2866 ln
1729 2790 1790 2855 hac
1803 2812 1882 2856 vero
1897 2796 1966 2857 ani-
2050 2804 2057 2811 ·

381 2927 506 2973 morum
531 2903 715 2991 corruptela
735 2909 870 2968 aetatem
891 2925 1023 2969 suorum
1043 2905 1238 2969 incuriosam
1258 2900 1331 2966 fieri
1351 2905 1497 2989 oportuit
1512 2901 1575 2986 (⁴);
1603 2913 1636 2970 et
1656 2907 1685 2969 si
1707 2908 1780 2990 quis
1802 2908 1965 2971 communi

383 3023 538 3086 servitute
558 3039 734 3103 oppressus
754 3038 823 3081 non
844 3027 937 3095 esset,
961 3014 1124 3080 scribendi
1138 3014 1317 3080 libertatem
1333 3016 1527 3082 coercebant
1540 3018 1772 3104 Imperatorum
1787 3018 1891 3085 edicta
1904 3018 1965 3109 (⁶),

382 3142 419 3198 ut
438 3153 541 3197 raram
560 3140 740 3217 temporum
760 3127 944 3194 felicitatem
960 3129 1091 3194 Tacitus
1112 3127 1300 3214 praedicare
1315 3138 1435 3216 posset,
1458 3151 1558 3215 quum
1573 3131 1635 3196 sub
1650 3134 1760 3197 Nerva
1776 3145 1807 3198 et
1823 3137 1963 3199 Traiano

340 3291 347 3299 -
382 3250 502 3314 sentire
526 3267 609 3333 quae
632 3243 732 3310 velles
757 3252 789 3309 et
811 3264 895 3329 quae
915 3246 1050 3308 sentires
1071 3241 1180 3308 dicere
1199 3242 1311 3309 liceret
1327 3243 1387 3328 (⁶),
1414 3255 1586 3331 postquam
1608 3254 1701 3310 antea
1722 3266 1789 3311 non
1808 3246 1908 3313 modo
1929 3252 1964 3313 in
2034 3310 2037 3314 .

381 3365 472 3448 ipsos
491 3371 649 3438 auctores,
673 3357 730 3423 sed
751 3360 786 3424 in
801 3353 903 3424 libros
920 3354 1052 3444 quoque
1068 3378 1179 3424 eorum
1195 3360 1349 3423 saevitum
1366 3367 1443 3423 erat.
1488 3360 1566 3425 Non
1581 3356 1714 3425 deerant
1730 3358 1860 3446 quidem
1875 3365 1964 3448 priu-

383 3478 491 3562 cipum
510 3474 672 3553 historiae,
695 3472 753 3538 sed
773 3476 871 3562 „ipsis
892 3470 1084 3539 florentibus
1100 3472 1144 3540 ob
1159 3483 1279 3539 metum
1293 3471 1401 3552 falsae,
1424 3483 1595 3561 postquam
1613 3474 1807 3556 occiderant,
1830 3480 1964 3542 recenti·

382 3589 446 3656 bus
466 3589 549 3656 odiis
568 3571 794 3675 compositae.’'
840 3586 924 3653 Cum
946 3589 1007 3653 hac
1026 3590 1128 3654 Taciti
1148 3590 1305 3654 sententia
1326 3592 1474 3676 congruit
1493 3590 1659 3676 Josephus
1680 3598 1800 3654 testans
1820 3591 1962 3655 Neronis

384 3715 416 3770 et
436 3707 640 3793 superiorum
661 3724 713 3768 res
736 3702 854 3768 multos
876 3703 1116 3789 conscripsisse,
1136 3726 1288 3789 ‚quorum
1300 3701 1400 3787 aliqui
1420 3706 1453 3768 in
1475 3707 1605 3790 gratiam
1627 3724 1747 3780 eorum,
1771 3700 1906 3786 utbeue
1922 3702 1964 3769 de

384 3841 419 3884 se
434 3823 629 3900 meritorum,
651 3821 815 3884 veritatem
831 3815 1037 3903 neglexerint,
1060 3816 1114 3881 alii
1128 3838 1207 3882 vero
1224 3837 1264 3882 ex
1281 3815 1360 3883 odio
1376 3827 1529 3903 suscepto
1545 3815 1762 3883 inverecunde
1777 3814 1860 3882 adeo
1875 3839 1963 3883 men-
1993 3795 1998 3800 ¹

255 4000 261 4015 Ι
320 3935 336 3966 ⁸
383 3931 484 3997 deciis
499 3940 534 3999 in
549 3956 606 4000 eos
621 3933 810 4001 debacchati
825 3935 914 4016 sint(
936 3935 960 4015 ).

343 4131 349 4154 Ι
431 4085 433 4089 «
536 4046 687 4111 Vidimus
708 4051 898 4113 necessitate
920 4044 1058 4133 quadam
1078 4047 1233 4125 evenisse,
1256 4051 1293 4108 ut
1311 4046 1390 4131 reip.
1410 4047 1563 4111 memoria
1582 4066 1686 4134 paene
1702 4050 1840 4114 extincta
1855 4034 1978 4134 singu?

383 4160 489 4230 lorum
512 4162 694 4248 principum
716 4162 791 4224 vitis
811 4157 976 4225 tradendis
1001 4162 1104 4225 omnis
1127 4162 1189 4225 iam
1211 4180 1319 4226 rerum
1340 4160 1558 4227 Romanarum
1577 4161 1710 4229 historia
1732 4163 1961 4227 contineretur.

421 4446 463 4518 (¹)
494 4447 561 4501 Tac.
581 4441 778 4511 sun.16,as.
908 4440 950 4515 (²)
981 4441 1083 4498 Idonea
1101 4441 1226 4518 exempla
1244 4441 1354 4520 collegit
1372 4443 1461 4500 Ulrici
1478 4443 1498 4498 l.
1509 4441 1528 4498 l.
1547 4436 1651 4537 wid.

421 4551 463 4624 (³)
494 4555 560 4610 Tac.
576 4552 713 4629 Agr.c.6.
734 4555 798 4609 ci.
828 4549 900 4607 Plin.
916 4569 1049 4626 panegyr.
1060 4549 1111 4606 66:
1132 4561 1237 4621 ,terror
1255 4563 1282 4608 ct
1300 4562 1389 4607 metus
1408 4563 1436 4607 et
1453 4528 1550 4607 misera
1563 4530 1796 4628 illaexpericulis
1810 4555 1880 4610 sacta
1893 4571 1960 4628 pru·

385 4642 478 4699 dentis
497 4645 637 4711 monebat,
657 4655 689 4700 ut
704 4662 723 4699 a
741 4661 801 4718 rep.
816 4644 886 4713 (erat
899 4652 991 4700 aurem
1002 4643 1118 4699 omnino
1130 4640 1207 4699 nulla
1219 4642 1385 4718 respublica)
1398 4640 1503 4708 oculos,
1522 4660 1612 4709 aures,
1632 4644 1738 4702 animoa
1751 4645 1961 4702 averteremus.”

422 4751 463 4824 (⁴)
495 4751 561 4806 rae.
582 4753 652 4827 sgr.
670 4759 696 4806 ι.
808 4751 850 4823 (·)
872 4750 1246 4819 camusnanesre
1280 4751 1347 4807 nac.
1363 4752 1480 4818 anas,
1494 4747 1540 4807 at.
1554 4755 1601 4806 as.
1634 4734 1740 4828 apage.

422 4859 464 4934 (⁶)
495 4859 561 4917 th·
583 4857 742 4924 ffitldst·
855 4859 896 4932 (’)
927 4860 993 4918 Tac.
1014 4862 1093 4918 Anu.
1111 4868 1138 4928 l,
1155 4868 1179 4917 1.
1215 4859 1330 4937 doseplr.
1351 4861 1449 4937 Kntiq.
1471 4857 1536 4918 Jud.
1552 4864 1599 4928 20,
1614 4865 1640 4916 8.
1655 4866 1682 4916 ³.

451 4953 456 4982 ι
