4178 5624
1021 343 1072 417 22

792 452 811 461 ’
930 450 1208 495 ΜΝΜ,’

407 615 567 704 Reliquus
587 617 723 681 istorum
743 610 946 707 saeculorum
965 613 1001 677 in
1017 611 1081 694 hoc
1095 630 1214 699 genere
1227 623 1405 700 proventus
1420 619 1587 686 maximam
1600 627 1724 706 partem
1740 640 1838 709 pane·

254 734 360 824 gyrici
376 741 461 812 sunt,
483 732 715 817 Imperatorum
735 725 938 815 quonmdam
959 725 1074 793 laudes
1094 724 1198 794 effuse
1218 737 1250 794 et
1271 727 1455 798 incredibili
1475 733 1674 821 impudentia
1692 757 1840 823 pronun·

253 853 378 929 tientes,
395 850 542 915 oratione
556 849 591 912 in
607 844 757 911 cothurni
773 841 935 909 Gallicani
948 840 1104 909 ridiculos
1120 851 1263 910 tumores
1279 853 1431 932 corrupta
1443 844 1505 931 (¹).
1542 848 1673 917 interim
1688 850 1840 920 Suetonii

253 968 335 1031 ratio
351 984 459 1029 rerum
471 958 727 1052 memorabilium
738 957 993 1024 narratiunculas
1006 959 1147 1025 suaviter
1158 961 1379 1026 connectentis
1390 959 1500 1026 multis
1515 959 1644 1029 videtin
1660 964 1836 1052 placuisse:

253 1078 295 1145 ad
316 1078 652 1162 cuiusuuctoritatem
674 1075 708 1138 in
728 1074 803 1138 vitis
825 1071 1011 1139 enarrandis
1028 1083 1060 1139 et
1075 1072 1129 1138 alii
1144 1077 1342 1160 posteriores
1358 1095 1394 1140 se
1409 1087 1664 1163 composuerunt
1676 1079 1733 1167 (²),
1757 1090 1788 1149 et
1803 1083 1838 1149 in

252 1194 424 1281 postremis
438 1186 621 1257 Einhardus
637 1208 678 1255 eo
693 1185 814 1267 libello,
839 1208 905 1275 quo
921 1185 1034 1256 Caroli
1048 1188 1158 1276 Magni
1172 1209 1226 1254 res
1237 1197 1345 1276 gestas
1360 1187 1502 1256 tradidit.
1691 1280 1693 1283 Ι

405 1307 465 1370 His
483 1307 517 1369 in
533 1304 717 1369 universum
733 1299 904 1388 disputatis
918 1290 981 1369 iam
997 1301 1197 1390 singulorum
1210 1305 1344 1392 vestigia
1360 1301 1538 1373 secundum
1552 1314 1734 1395 temporum
1748 1308 1839 1376 ordi·

163 1411 176 1439 ⁸
251 1443 325 1487 nem
341 1414 530 1506 persequar.'
1072 1418 1076 1424 ’

404 1532 469 1598 Pro
491 1533 628 1597 instituti
646 1531 751 1596 nostri
770 1533 896 1597 mtions
910 1532 1026 1598 missos
1041 1529 1176 1598 iacimus
1197 1551 1255 1599 eos
1276 1533 1470 1622 scriptorum
1489 1532 1591 1616 lucos,
1614 1533 1672 1601 ubi
1692 1545 1837 1605 mortuo-

253 1671 325 1715 rum
345 1646 547 1713 laudationes
568 1649 602 1712 in
621 1644 695 1712 foro
712 1640 841 1711 habitae
856 1652 1159 1723 commemorantur;
1182 1667 1290 1733 neque
1304 1650 1467 1734 pertinent
1482 1646 1524 1714 ad
1538 1669 1607 1716 rem
1620 1658 1765 1718 nostram
1780 1652 1838 1739 qui

251 1763 293 1829 de
313 1783 374 1829 suo
396 1772 541 1848 tempore
562 1761 809 1828 commentarios
825 1759 1035 1846 reliquerunt,
1057 1764 1122 1828 nisi
1136 1760 1318 1850 singillatim
1333 1765 1367 1828 in
1382 1765 1422 1828 iis
1438 1761 1480 1829 de
1496 1762 1656 1832 clarorum
1670 1766 1836 1833 hominum

249 1882 314 1944 vita
335 1879 515 1966 erpositum
535 1874 605 1942 iuit.
649 1876 728 1942 Non
748 1896 897 1941 curamus
918 1878 1015 1963 igitur
1034 1886 1089 1941 aut
1112 1873 1248 1942 Fabium
1267 1886 1324 1943 ant
1339 1874 1506 1945 Cincium:
1530 1888 1563 1945 et
1583 1878 1740 1949 sumsuh
1761 1887 1839 1947 sunt

250 2015 287 2058 ex
301 1993 365 2060 hoc
379 2013 516 2058 numero
532 1989 586 2056 alii
601 1988 742 2076 quoque,
758 1992 902 2075 quamvis
918 1988 1075 2068 „devita”
1091 1989 1228 2054 alicuius
1244 1992 1412 2073 scripsisse
1426 2011 1661 2078 nonnunquam
1677 1993 1836 2059 dicantur.

248 2108 295 2172 lta
307 2105 434 2173 Gellius
449 2108 499 2183 11,
514 2102 568 2170 ll:
591 2101 844 2189 „simplicissima
859 2103 1015 2167 suavitate
1031 2103 1126 2168 atrei
1141 2109 1173 2167 et
1186 2103 1344 2169 orationis
1359 2107 1398 2168 L.
1412 2105 1488 2170 Piso
1504 2124 1584 2171 usus
1599 2113 1649 2171 cst
1660 2151 1668 2170 .
1679 2151 1720 2185 ..,
1736 2127 1837 2193 quum

249 2219 292 2285 de
313 2219 446 2285 Romuli
469 2221 552 2307 regis
573 2219 639 2283 vita
661 2224 758 2304 atque
777 2219 866 2282 victu
886 2213 1069 2282 scriberct”
1113 2216 1158 2281 At
1176 2216 1213 2281 L.
1230 2212 1323 2303 Calp.
1338 2215 1415 2283 Piso
1436 2217 1533 2306 Frugi
1554 2218 1684 2301 (consul
1705 2241 1777 2286 cum
1798 2220 1834 2286 P.

248 2335 336 2402 Muc.
359 2332 516 2401 Scaevola
536 2355 564 2398 a.
580 2353 612 2398 u.
626 2333 715 2416 621.)
737 2335 772 2398 in
794 2329 964 2398 annalibus
986 2333 1054 2397 suis
1075 2333 1212 2417 copiose
1232 2329 1361 2417 quidem
1383 2330 1425 2399 de
1450 2335 1731 2420 praestantissimis
1757 2335 1834 2400 viris
1857 2414 1858 2417 Ἴ

249 2451 386 2536 scripsit,
408 2470 516 2534 neque
532 2459 638 2513 tamen
653 2448 824 2531 separatim
838 2447 999 2510 enarravit
1014 2444 1154 2530 singulas
1169 2447 1260 2508 vitas.

376 2564 488 2653 ,Huic
506 2563 540 2624 in
555 2561 626 2646 pari
649 2577 746 2621 causa
760 2561 801 2621 P.
818 2553 977 2620 Rutilium
992 2555 1113 2640 Rufioni
1132 2554 1274 2643 adiungo
1295 2563 1377 2641 (cos.
1392 2580 1421 2624 a.
1438 2581 1469 2624 u.
1482 2558 1582 2642 649.)
1627 2561 1681 2625 De
1696 2581 1755 2626 sua
1769 2565 1837 2628 vita

248 2697 322 2740 eum
348 2674 593 2739 commentarios
619 2672 734 2737 Latine
757 2671 895 2756 scriptos
915 2662 1059 2759 ’edidisse'
1079 2690 1178 2756 supra
1198 2667 1373 2737 indicatum
1395 2679 1453 2738 est.
1498 2654 1648 2738 Eundem
1669 2673 1833 2761 Scipionis

247 2788 316 2854 atr.
337 2791 408 2854 mai.
428 2791 524 2853 vitam
543 2786 715 2852 memoriae
734 2783 904 2850 mandasse
925 2782 1056 2869 quidam
1070 2770 1340 2871 putaverunt(³).
1384 2788 1431 2853 At
1447 2784 1537 2873 quod
1552 2789 1664 2868 Livius
1680 2791 1749 2874 (39,
1766 2792 1833 2873 52.)
1911 2861 1916 2872 ,

248 2908 318 2969 eius
340 2904 525 2970 testimonio
546 2899 589 2967 de
608 2900 762 2987 Scipione
783 2901 893 2979 utitur,
915 2896 950 2964 id
970 2919 1038 2965 non
1059 2898 1251 2986 singularem
1270 2898 1390 2966 librum
1409 2911 1540 2988 spectat,
1564 2901 1623 2970 sed
1644 2902 1833 2991 ampliorem

246 3016 333 3084 illam
354 3019 530 3093 historiam,
553 3014 680 3082 Graece
701 3016 852 3100 scriptam
873 3022 906 3077 et
927 3034 946 3076 a
966 3006 1189 3077 vetustissimis
1204 3012 1403 3099 temporibus
1419 3015 1582 3102 usquead
1598 3015 1834 3108 Sullamperti-

246 3140 376 3197 nentem
396 3128 457 3214 (⁴).
502 3127 618 3214 Nuper
644 3146 786 3193 errorem
808 3125 957 3212 repetivit
977 3125 1040 3190 W.
1063 3123 1145 3193 Otto
1169 3123 1212 3191 ad
1234 3124 1347 3194 lsidor.
1370 3127 1461 3215 Orig.
1484 3134 1536 3209 20,
1557 3131 1656 3222 ihi.
1675 3135 1709 3198 in
1730 3131 1832 3219 Corp.

248 3244 388 3312 Gramm.
404 3244 473 3310 hat.
489 3241 634 3309 Lindem.
650 3244 680 3308 3.
757 3309 761 3320 ,
1061 3255 1063 3259 ’
1408 3312 1413 3321 ,
1605 3244 1610 3253 ’

399 3360 452 3424 De
468 3354 618 3422 Gracchis
639 3353 821 3442 aequalium
840 3351 959 3420 multos
974 3354 1143 3442 scripsisse
1156 3353 1245 3421 haud
1259 3365 1379 3422 temere
1394 3375 1433 3420 ex
1446 3353 1622 3424 Plutarcho
1638 3356 1833 3447 colligimus;

248 3473 358 3538 civit.
375 3471 446 3538 Tib.
464 3470 523 3538 Gr.
540 3468 605 3536 ci.
622 3474 652 3536 8.
669 3472 721 3535 21.
766 3467 833 3537 Sed
846 3467 1040 3535 Plutarchus
1058 3477 1203 3535 veterum
1222 3489 1314 3537 mors
1333 3488 1408 3537 raro
1430 3480 1599 3539 anctorum
1619 3494 1752 3541 suorum
1772 3494 1833 3543 no-

245 3591 331 3655 mina
345 3585 444 3666 addit,
465 3587 529 3652 nisi
545 3582 602 3650 ubi
616 3583 759 3651 diversas
775 3587 969 3672 scriptorum
984 3585 1157 3650 sententias
1175 3595 1409 3652 commemorat.

398 3707 450 3767 M.
470 3704 544 3767 Ter.
563 3704 684 3780 Varro,
702 3701 868 3766 Romanae
883 3701 1081 3784 antiquitatis
1097 3697 1356 3787 diligentissimus
1371 3701 1590 3788 investigator,
1611 3704 1662 3767 vir
1683 3703 1830 3767 immensi

245 3817 377 3898 laboris,
400 3827 432 3884 et
451 3819 508 3904 qui
529 3818 626 3882 vitam
642 3824 806 3880 actuosam
827 3810 1083 3899 coniungendam
1099 3834 1171 3878 esse
1187 3835 1259 3878 cnm
1274 3816 1389 3893 otiosa,
1412 3813 1564 3881 omnibus
1579 3823 1685 3880 autem
1701 3818 1830 3908 scriptis

245 3933 330 3995 vitae
353 3935 427 3995 usui
442 3930 612 3998 consulere
627 3929 728 4018 legem
743 3925 806 3994 sihi
820 3925 950 3994 lecerat.
979 3924 1091 4011 (Obiit
1105 3946 1209 4013 prope
1223 3901 1461 4015 nonagenarius
1476 3950 1504 3996 a.
1516 3950 1549 3995 u.
1561 3928 1653 4013 726.)
1682 3928 1736 3995 De
1750 3931 1831 3995 vita-

245 4066 317 4110 rum
337 4041 430 4108 brevi
448 4047 562 4125 notitia
577 4043 767 4130 imaginihus
782 4041 965 4130 subscripta
980 4038 1213 4130 supradictum
1229 4050 1278 4107 est
1291 4063 1323 4128 p.
1333 4042 1365 4114 7.
1408 4040 1497 4109 Idem
1518 4063 1602 4130 opus
1623 4041 1768 4110 ediderat
1786 4043 1832 4112 de

245 4163 318 4225 vitis
334 4168 516 4246 poetarum:
539 4178 569 4221 v.
585 4155 628 4223 de
642 4158 768 4224 Naevio
785 4157 854 4224 Cic
870 4158 960 4223 Brut.
976 4160 1025 4225 19.
1055 4153 1097 4222 de
1112 4157 1220 4224 Ennio
1237 4166 1269 4222 et
1282 4157 1408 4226 Naevio
1425 4157 1510 4225 Gell.
1526 4158 1576 4238 tt,
1593 4161 1645 4223 21.
1677 4154 1719 4223 de
1734 4157 1829 4223 Euri-

282 4461 323 4530 (¹)
354 4480 380 4518 e.
395 4472 422 4536 g.
442 4465 546 4519 huson.
566 4459 602 4516 sd
620 4456 800 4515 Gratianum:
821 4454 900 4529 „ades
918 4454 986 4514 locis
1005 4456 1149 4519 omnibus3
1169 4475 1221 4515 nec
1234 4459 1289 4515 iam
1303 4459 1435 4514 miramur
1446 4448 1588 4533 l'nntiarn
1603 4469 1759 4534 poetarum,
1777 4459 1827 4535 qui

246 4551 339 4605 ornnia
356 4539 408 4607 deo
426 4551 508 4628 plena
526 4551 665 4608 dixerunt.
685 4580 713 4593 -
735 4547 801 4605 Tibi
819 4548 911 4624 coepit
928 4548 995 4604 deus
1007 4546 1107 4603 debere
1119 4566 1171 4622 pro
1184 4548 1273 4604 nobis.
1289 4581 1316 4592 -
1334 4568 1351 4605 o
1365 4552 1465 4604 mentis
1475 4566 1572 4604 aureae
1585 4548 1691 4605 dictum
1704 4550 1827 4606 bractea·

246 4639 320 4695 turn!
337 4658 354 4695 ο
366 4640 401 4694 de
413 4653 524 4715 pectore
536 4641 731 4699 unhdhsimo
746 4639 826 4696 lactei
838 4639 971 4695 sermonis
984 4637 1171 4694 alimoniam!”
1180 4649 1233 4693 cet.
1244 4669 1271 4682 -
1289 4639 1325 4695 ei.
1337 4635 1451 4696 Gesner.
1463 4638 1549 4714 praef.
1561 4637 1708 4698 Claudiam.
1719 4657 1746 4713 p.
1756 4653 1823 4693 vrrr.

281 4746 323 4818 (²)
350 4766 376 4802 v.
387 4746 440 4803 Iul.
450 4746 601 4823 Capitolin.
610 4749 727 4806 Maxim.
736 4759 764 4805 et
773 4747 850 4805 halb.
858 4741 887 4804 i.
898 4748 1012 4824 Vopisc.
1024 4746 1109 4802 Prob.
1118 4750 1145 4801 2.
1158 4745 1242 4801 Firm.
1253 4749 1278 4800 1.
1340 4746 1382 4822 (³)
1403 4747 1483 4805 Fabr,
1494 4746 1564 4806 bibl,
1578 4749 1639 4806 m,
1650 4747 1823 4814 Em,3‚375‚

282 4858 323 4929 (0)
351 4853 514 4931 vrhladvig.
529 4874 624 4930 opusc.
644 4861 727 4931 pit.
766 4856 944 4927 Lachmann,
958 4856 992 4914 de
1010 4855 1095 4915 iontt.
1114 4855 1175 4913 hir.
1188 4859 1215 4912 2.
1237 4874 1266 4931 p.
1277 4860 1321 4913 28.
