4178 5624
1025 360 1074 432 29

929 473 1165 500 mmmm

256 654 338 713 mus,
361 637 404 698 ita
426 630 470 697 ab
489 633 646 718 Augustei
666 631 737 694 aevi
756 630 935 714 integritate
955 636 1052 714 atque
1073 636 1141 692 arte
1163 625 1268 695 aliena
1290 638 1346 693 est.
1392 627 1541 717 Singulas
1564 641 1669 698 autem
1689 654 1786 698 voces
1806 644 1837 698 et

255 751 485 813 sententiarum
508 745 778 812 conformationes
795 745 852 828 qui
867 741 1060 808 defensitant
1072 742 1133 825 (¹),
1155 741 1305 828 Rapbelii
1321 745 1469 827 pietatem
1484 748 1655 826 imitantur,
1680 750 1736 834 qui
1751 749 1839 814 Novi

257 863 453 928 Testamenti
469 862 646 926 orationem
661 858 926 944 Xenophonteam
943 827 1015 922 esse
1029 855 1252 922 demonstrare
1268 854 1400 922 studuit.

407 978 497 1041 llaec
516 976 579 1037 iam
601 982 717 1038 cuncta
739 970 1019 1038 considerantibus
1040 974 1164 1036 animus
1185 973 1255 1036 sine
1275 968 1377 1035 dubio
1399 970 1601 1039 inducendus
1623 985 1679 1053 est,
1704 985 1738 1039 ut
1760 980 1838 1041 scri-

254 1095 359 1179 psisse
381 1090 481 1158 Corn.
497 1088 659 1174 Nepotem
680 1085 721 1152 de
741 1090 969 1175 imperatorum
992 1086 1191 1153 Graecorum
1214 1095 1245 1150 et
1262 1086 1483 1151 Romanorum
1503 1091 1577 1152 vitis
1598 1088 1775 1169 credamus,
1799 1111 1837 1155 ex

255 1228 323 1292 quo
347 1224 447 1291 opere
471 1212 574 1268 aetate
598 1201 759 1268 deteriore
779 1201 832 1267 bic
852 1224 947 1287 quem
967 1223 1056 1267 nunc
1077 1200 1232 1266 babemus
1253 1198 1382 1265 libellus
1405 1200 1509 1265 aliena
1531 1222 1633 1285 eaque
1654 1207 1838 1290 importuna

253 1340 359 1398 manu,
381 1339 450 1384 non
472 1327 534 1383 tam
550 1317 640 1382 Aem.
657 1313 766 1394 Probi,
779 1331 886 1400 'quam
908 1325 982 1379 ante
1003 1316 1100 1379 buius
1121 1325 1256 1400 tempus,
1279 1313 1360 1378 alius
1380 1315 1518 1381 bominis
1540 1314 1662 1381 inficeti
1678 1316 1836 1384 confictus

252 1437 303 1500 sit
348 1434 431 1499 Nam
454 1455 554 1519 quum
575 1434 729 1497 immensa
750 1427 912 1493 literarum
936 1430 1029 1514 copia
1050 1438 1210 1513 tamquam
1233 1426 1392 1492 hereditas
1408 1427 1449 1492 ad
1466 1439 1614 1513 posteros
1629 1435 1836 1517 pervenisset,

250 1550 374 1634 ingenii
392 1545 518 1611 viribus
538 1547 656 1612 sensim
679 1553 847 1630 tantopere
869 1564 979 1608 carere
995 1546 1104 1629 coepit
1118 1552 1214 1620 aetas,
1238 1552 1273 1606 ut
1288 1540 1351 1606 illis
1368 1544 1471 1627 copiis
1487 1545 1534 1607 uti
1548 1548 1695 1624 nesciret,
1718 1548 1780 1610 nisi
1795 1545 1837 1610 ad

255 1682 346 1726 suam
367 1663 552 1727 tenuitatem
573 1661 733 1746 corruptis
751 1656 809 1741 (⁹).
854 1658 998 1722 ln-bunc
1018 1656 1149 1723 modum
1169 1660 1231 1721 iam
1246 1655 1287 1721 ab
1303 1655 1540 1741 antiquioribus
1557 1657 1723 1738 Fannium,
1747 1656 1836 1727 Cael.

252 1778 455 1862 Antipatrum
477 1773 532 1860 (³),
561 1772 680 1840 deinde
703 1771 899 1851 Sallustium,
927 1773 1063 1852 Livium,
1092 1770 1262 1838 Ciceronis
1287 1769 1449 1858 epistolas,
1475 1773 1616 1858 Trogum
1640 1772 1836 1858 Pompeium,

252 1888 327 1954 val.
347 1890 520 1955 Maximum
547 1887 694 1974 aliosque
720 1890 755 1953 in
779 1890 940 1972 epitomen
964 1885 1113 1952 redactos
1138 1907 1209 1951 esse
1234 1888 1361 1950 scimus.
1413 1885 1452 1950 ln
1474 1886 1605 1972 Nepote
1629 1907 1706 1952 vero
1730 1891 1836 1953 statim

253 2002 419 2089 praelatio,
442 2024 550 2087 neque
571 2024 683 2088 parum
706 2011 845 2065 extrema
866 2004 934 2065 eius
950 1998 1049 2065 verba
1065 2003 1227 2087 epitomen
1243 1999 1384 2086 prodere
1399 1998 1562 2065 videntur:
1587 1999 1706 2086 quibus
1722 2022 1836 2066 accen-

179 2178 182 2183 .
251 2115 344 2182 sendi
359 2125 435 2182 sunt
449 2115 514 2182 loci
529 2117 641 2202 Epam.
654 2114 683 2181 l.
697 2113 756 2198 (⁴),
775 2113 832 2179 lin.
846 2113 959 2193 Alcib,
974 2113 1084 2179 finde
1096 2113 1210 2201 Regib.
1228 2151 1268 2164 -
1293 2115 1342 2178 Ex
1357 2117 1482 2200 integro
1498 2118 1593 2203 igitur
1609 2137 1716 2202 opere,
1732 2119 1834 2202 ipsius

247 2230 399 2301 Cornelii
419 2251 590 2315 personam
611 2250 681 2296 non
702 2245 843 2307 exuens,
855 2248 961 2294 novus
981 2238 1096 2293 auctor
1115 2251 1196 2314 quas
1208 2227 1315 2323 ¹voluit
1331 2231 1411 2292 vitas
1430 2228 1616 2317 desumpsit,
1640 2230 1834 2315 reliquarum

253 2343 369 2410 ordine
396 2354 540 2421 servato,
567 2342 626 2408 sed
654 2345 780 2408 omissis
808 2352 974 2428 praetcrea
1001 2340 1072 2406 aliis
1097 2340 1209 2421 rebus,
1240 2363 1321 2427 quas
1348 2344 1452 2409 minus
1479 2343 1664 2409 commodas
1691 2344 1833 2422 duceret,

249 2457 399 2545 aliiepro
415 2479 474 2523 sua
489 2461 614 2523 ratione
628 2448 830 2542 interpolatis
844 2455 901 2539 (⁵).
939 2457 1025 2520 llinc
1041 2455 1158 2519 lactum
1174 2466 1230 2533 cst,
1254 2465 1290 2518 ut
1306 2455 1496 2520 Plutarchus
1511 2456 1650 2539 lectores
1666 2455 1707 2522 ad
1723 2467 1834 2523 aucto-

251 2578 374 2637 ritatem
391 2571 538 2638 Cornelii
553 2574 713 2635 remittere
728 2579 849 2656 posset,
866 2573 958 2635 cuius
973 2579 1078 2634 nmen
1094 2571 1127 2633 in
1143 2569 1192 2633 bis
1207 2571 1281 2633 vitis
1297 2573 1457 2634 contraria
1474 2574 1586 2655 opinio
1604 2571 1832 2657 comparet(⁶).

249 2687 287 2753 ln
308 2685 441 2773 singulis
462 2696 568 2751 autem
587 2694 737 2750 accurate
757 2683 886 2749 definiri
906 2705 974 2749 non
995 2693 1111 2770 potest,
1135 2704 1202 2767 quo
1220 2687 1415 2768 processerit
1429 2683 1510 2748 illud
1527 2683 1720 2771 excerpendi
1734 2706 1834 2772 nego·

250 2804 342 2866 tium:
372 2799 530 2894 Catonem
551 2801 722 2863 immunem
746 2798 854 2875 luisse,
878 2819 962 2881 quae
983 2806 1030 2860 est
1045 2797 1141 2859 buius
1157 2799 1240 2860 vitae
1257 2795 1411 2875 conditio,
1436 2795 1590 2861 credibile
1606 2818 1674 2863 non
1690 2808 1746 2877 est,
1769 2801 1833 2862 nisi

250 2915 334 2981 lorte
350 2918 419 2980 eius
436 2923 571 2978 extrema
587 2934 662 2998 pars
678 2910 816 2997 aliquem
831 2920 951 2986 movet;
975 2931 1059 2974 unus
1071 2912 1198 2974 Atticus
1214 2925 1341 2975 manum
1357 2910 1628 2996 interpolatricem
1640 2931 1708 2976 non
1720 2932 1833 2998 exper-

250 3038 302 3093 tus
323 3026 425 3092 videri
444 3029 547 3113 possit
560 3024 617 3108 (⁷).
650 3025 716 3092 Sed
732 3023 835 3090 eidem
849 3023 983 3089 librario
999 3023 1171 3088 verisimile
1187 3034 1235 3087 est
1249 3022 1323 3088 libri
1340 3027 1580 3110 inscriptionem
1596 3023 1722 3090 deberi:
1748 3025 1832 3092 Cor-

249 3141 328 3207 nelii
348 3129 536 3227 enim'opus
555 3143 589 3205 in
610 3141 673 3205 boc
693 3160 810 3226 genere
830 3139 992 3227 singulare
1008 3149 1039 3204 et
1054 3136 1143 3204 aliud
1159 3160 1196 3204 ac
1212 3114 1301 3223 qubd
1317 3161 1415 3225 supra
1430 3141 1518 3226 attigi
1532 3138 1593 3220 „de
1607 3142 1685 3206 viris
1701 3138 1831 3207 illustri-

248 3256 331 3323 bus''
345 3267 470 3348 veteres
486 3276 554 3321 non
570 3264 755 3321 memorant

537 3427 638 3434 ...-..--
644 3425 907 3434 .-—————-.-
919 3425 1204 3436 --...-.-..---.—--·
1215 3427 1341 3434 ..ς-.-ψη
1350 3427 1419 3434 .--ω
1434 3424 1666 3435 ...annae-n...-

287 3531 329 3603 (¹)
360 3530 397 3587 cf.
413 3527 510 3587 Dibne
528 3528 547 3587 l.
559 3528 578 3585 l.
600 3536 681 3604 pto.
702 3548 763 3605 sqq.
777 3561 805 3573 -
821 3528 1047 3597 Similitudinum,
1068 3548 1138 3604 quse
1156 3540 1197 3585 est
1216 3531 1289 3586 inter
1307 3532 1389 3605 prim.
1406 3531 1520 3606 praelat.
1535 3541 1563 3587 et
1576 3529 1636 3590 Cic.
1652 3530 1686 3586 de
1700 3530 1749 3587 lin.
1765 3532 1826 3587 init.

248 3641 306 3678 non
327 3638 448 3696 urgeam.
481 3620 517 3676 Et
535 3618 676 3675 Handium
695 3621 793 3687 miror,
813 3621 862 3696 qui
880 3620 1078 3692 (Tursellin.3.
1093 3619 1197 3695 p.615)
1217 3633 1360 3697 propterea
1380 3623 1455 3697 quod
1467 3622 1553 3679 Dion.
1566 3630 1591 3678 1.
1611 3640 1670 3678 nom
1683 3623 1830 3676 minimum

249 3713 369 3788 positum
389 3713 425 3767 sit
448 3730 500 3786 pro
518 3710 686 3779 admodum,
706 3710 810 3780 ualde,
829 3711 864 3767 de
881 3724 993 3767 auctore
1009 3710 1075 3770 libri
1093 3711 1277 3767 dubitandum
1296 3730 1353 3768 esse
1371 3725 1473 3769 censet.
1513 3713 1577 3768 Non
1595 3711 1749 3787 spernimus
1767 3712 1830 3784 qui-

249 3801 311 3858 dem
335 3803 456 3861 minutas
479 3802 613 3857 eiusmodi
637 3820 696 3857 res:
723 3812 752 3857 st
775 3800 856 3869 illud,
881 3804 932 3858 etsi
956 3821 1067 3878 prorsus
1087 3802 1158 3857 idem
1179 3803 1280 3858 frustra
1300 3804 1328 3858 in
1347 3801 1559 3878 elegantioribus
1577 3799 1656 3857 libris
1674 3800 1827 3874 quaeritur.

250 3902 341 3947 tamen
365 3904 473 3966 praeter
498 3911 602 3948 morem
627 3893 883 3969 probatissimorum
908 3893 1075 3967 scriptorum
1098 3893 1202 3949 dictum
1223 3911 1278 3948 non
1298 3904 1349 3947 est.
1388 3893 1502 3947 Maioris
1521 3889 1654 3946 momenti
1674 3890 1828 3946 universam

248 3982 381 4037 orationis
400 3983 516 4038 lormam
536 3982 692 4039 habendam
710 4002 768 4040 esse
785 3993 870 4058 patet.
905 3982 941 4038 el.
958 3978 1067 4038 Nissen.
1088 3983 1107 4037 l.
1120 3983 1139 4037 l.
1161 4003 1189 4056 p.
1200 3989 1243 4037 10.

233 4098 239 4110 ·
286 4091 328 4164 (¹)
359 4089 396 4146 cs.
413 4088 443 4145 l'.
456 4090 592 4146 ll.Woll.
608 4090 666 4150 Cic.
682 4091 806 4147 Marcell.
818 4108 963 4147 xxxam·
990 4089 1022 4145 E.
1037 4089 1072 4144 de
1085 4089 1212 4145 beutseb.
1230 4088 1280 4145 l.l.
1296 4109 1324 4164 p.
1337 4096 1397 4145 181.
1428 4087 1558 4148 Ceterum
1575 4090 1611 4148 de
1629 4088 1751 4150 Cornelii
1769 4091 1828 4163 epi·

248 4193 322 4238 tome
331 4181 419 4238 iudea
430 4178 511 4256 Casp.
522 4179 634 4236 Barthio
642 4180 735 4256 plures
744 4181 874 4258 suspicati
883 4191 957 4237 sunt.
977 4180 1130 4239 v.Voss.de
1139 4179 1189 4238 b.l.
1199 4188 1225 4249 1,
1238 4177 1279 4238 ll.
1292 4179 1396 4236 Bardili
1406 4181 1559 4239 adstarem
1569 4197 1656 4258 porr.
1670 4177 1827 4236 Nissenll.

285 4288 326 4358 (³)
357 4288 601 4356 cicadarum,
617 4294 643 4345 8.
666 4292 711 4354 12,
725 4293 753 4344 5.
841 4288 883 4361 (⁴)
909 4287 1043 4363 „plurima
1056 4289 1168 4364 quidem
1181 4290 1304 4366 prolerre
1317 4308 1467 4366 possemus,
1485 4290 1532 4346 sed
1545 4285 1828 4344 modusadbibendus

248 4388 300 4443 est,
325 4381 456 4453 quoniam
479 4399 535 4436 uno
554 4379 606 4435 boc
625 4377 765 4436 volumine
783 4379 868 4435 ritem
886 4377 1078 4436 excellentium
1096 4381 1219 4437 virorum
1237 4379 1422 4456 complurium
1441 4379 1603 4437 concludere
1621 4377 1825 4446 constituimus,

248 4487 367 4544 quorum
385 4471 531 4544 separatim
550 4454 647 4537 rnuffis
662 4469 784 4527 millibus
802 4489 931 4526 versuum
949 4471 1105 4546 complures
1122 4472 1270 4547 scriptores
1287 4481 1351 4527 ente
1369 4489 1420 4526 nos
1438 4468 1638 4544 explicarunt”

266 4578 326 4650 .(⁸)
357 4574 483 4632 Aliorum
502 4577 697 4654 negligentiam
715 4581 746 4635 in
764 4580 891 4655 epitomis
909 4579 1087 4636 conficiendis
1105 4589 1185 4635 notat
1203 4580 1328 4651 Perizon.
1349 4577 1486 4634 animadv.
1506 4575 1570 4633 bist.
1585 4581 1686 4652 pete.
1702 4577 1784 4653 pto.
1799 4607 1826 4621 -

247 4666 351 4725 Gruter
369 4667 403 4722 ad
423 4664 573 4740 Capitolin.
595 4666 676 4726 Clod.
701 4669 801 4727 Albin:
830 4671 957 4739 „interim
975 4668 1089 4746 deploro
1107 4670 1195 4725 iatum
1213 4669 1351 4724 bonorum
1369 4679 1525 4736 auctorum,
1549 4669 1650 4743 quibus
1669 4687 1718 4744 per
1735 4668 1826 4726 carni-

248 4757 312 4815 fioes
331 4759 524 4834 epitomatores
543 4776 651 4814 necesso
669 4770 709 4815 est
729 4763 846 4835 perir·e.''

283 4866 325 4940 (⁶)
356 4863 579 4925 clamasti.
595 4869 701 4941 pm.
776 4867 817 4942 (')
837 4868 880 4924 Ne
893 4866 958 4963 buic
970 4866 1081 4944 quidem
1096 4868 1185 4946 parcit
1197 4867 1280 4927 Held.
1292 4865 1415 4945 prolegg.
1429 4866 1464 4925 ad
1478 4867 1527 4925 rit.
1540 4869 1601 4926 dtt.
1613 4866 1728 4929 Vratirl.
1741 4863 1820 4922 1826.
