4178 5624
1114 358 1162 431 46

1020 470 1255 498 mm

349 637 444 700 cione
463 639 641 696 scrutantes
654 628 713 712 (¹).
759 626 878 694 Iustior
893 623 1081 691 Ruhnkenii
1100 625 1183 689 ratio
1204 622 1308 690 fuerat
1322 622 1477 691 adversus
1491 626 1659 695 Heinsium
1675 636 1707 694 et
1721 628 1927 698 Perizonium

347 752 383 814 in
402 746 501 833 praef.
518 741 602 809 Veli.
623 741 825 829 disputantis.
869 742 900 805 Is
917 737 1088 818 Velleium,
1111 760 1211 825 quum
1231 741 1267 804 in
1285 741 1395 826 priore
1414 740 1568 808 historiae
1586 752 1677 829 parte
1692 752 1740 811 tot
1754 742 1849 811 liberi
1864 749 1929 832 spi-

347 864 428 928 ritus
449 858 642 928 documenta
662 855 812 934 dedisset,
834 873 903 919 non
923 855 1042 940 gratiae
1064 852 1240 939 captandae
1256 874 1357 920 causa
1376 853 1420 920 ad
1441 854 1592 921 humilem
1608 866 1640 922 et
1654 856 1801 925 servilem
1817 857 1929 925 adala

347 979 469 1042 tionem
484 995 519 1040 se
534 971 700 1037 demisisse
715 977 833 1044 censet,
848 966 915 1046 sed,
931 967 1104 1034 multorum
1120 965 1275 1054 exemplo,
1291 971 1468 1055 suspicacis
1484 967 1605 1035 domini
1617 979 1705 1037 metu
1716 971 1927 1059 compulsans.
1944 960 1950 968 ⁸

348 1091 473 1156 Verum
493 1085 624 1154 aliunde
639 1082 757 1148 Velleii
779 1080 925 1147 defensio
945 1085 1012 1167 peti
1031 1102 1098 1146 non
1114 1090 1230 1168 potest,
1254 1103 1349 1167 quam
1365 1103 1404 1147 er
1418 1085 1499 1168 grati
1514 1084 1610 1148 animi
1625 1103 1732 1164 sensu,
1755 1107 1851 1172 quem
1866 1107 1930 1172 pro

334 1201 470 1289 'magnis
485 1199 651 1266 benefieiis
671 1194 838 1297 a=Tiberio
859 1199 998 1281 acceptis
1018 1201 1062 1277 (2,
1078 1194 1154 1280 rol)
1167 1194 1300 1261 ‘abunde
1314 1193 1479 1274 testificari
1494 1217 1561 1262 non
1575 1194 1715 1262 dubitat:
1738 1198 1818 1264 baec
1832 1202 1930 1288 igitur

347 1317 496 1384 voluntas
513 1309 665 1398 quamdiu
682 1295 766 1374 inter
782 1313 915 1373 virtutes
927 1307 1106 1387 habebitur,
1122 1311 1280 1373 invenerit
1291 1307 1353 1388 ille,
1368 1311 1476 1376 sinon
1486 1309 1720 1398 probationem,
1735 1320 1822 1379 certe
1834 1333 1931 1379 ercu-
2031 1375 2034 1379 .

349 1434 503 1496 sationem
520 1425 668 1510 aliquam.
708 1424 799 1488 Sicut
815 1424 927 1487 Tacito
944 1432 975 1488 et
990 1423 1148 1488 Suetonio
1164 1425 1313 1488 vitiorum
1324 1425 1514 1504 immanitas,
1530 1423 1649 1510 quibus
1664 1429 1827 1513 posterior
1841 1429 1929 1513 prin·

349 1545 430 1628 cipis
452 1543 516 1604 vita
541 1537 635 1604 foeda
656 1537 725 1615 fuit,
748 1539 873 1623 priores
896 1528 1030 1622 quoqne
1050 1557 1153 1602 annes
1176 1555 1215 1600 cr
1236 1545 1326 1624 parte
1344 1535 1486 1623 quadam
1506 1536 1700 1618 obscuravit,
1722 1542 1767 1605 ita
1780 1538 1929 1605 Velleius

349 1660 442 1721 etiam
465 1653 656 1718 deteriorem
677 1660 819 1728 oetatem,
844 1661 1003 1735 quatenus
1023 1660 1213 1737 persecutus
1233 1659 1290 1729 est,
1315 1671 1352 1716 ea
1371 1649 1446 1717 luce
1466 1649 1644 1733 illustravit,
1667 1674 1753 1741 quae
1767 1675 1807 1720 ex
1821 1674 1930 1721 rerum

349 1778 441 1834 antea
467 1765 552 1833 bene
575 1777 716 1832 actarum
739 1764 965 1833 recordatione
987 1764 1152 1851 proficisci
1175 1762 1354 1830 videbatur.
1398 1764 1463 1832 Sed
1486 1775 1592 1832 tamen
1611 1765 1782 1833 immodice
1804 1771 1929 1833 eumdrr

346 1880 668 1962 „coelestissimcrum
684 1878 805 1945 Tiberii
826 1880 978 1965 operum’'
998 1878 1095 1945 laude
1116 1877 1332 1965 exaggeranda
1351 1881 1481 1967 ingenio
1496 1901 1557 1947 sue
1572 1878 1790 1968 indulgentem
1804 1883 1930 1947 veritati
1987 1862 1991 1867 ⁸

347 1995 486 2062 illusisse
505 1998 615 2081 negari
634 2014 701 2059 non
721 1996 848 2078 poterit.
894 1995 1076 2057 Novissime
1091 1993 1174 2057 banc
1188 2014 1256 2056 rem
1271 1991 1367 2057 docte
1382 2003 1415 2056 et
1430 2003 1532 2071 acute,
1555 2003 1592 2057 ut
1606 1993 1698 2070 solet,
1721 1996 1772 2059 Fr.
1784 1995 1929 2060 Kritrius

348 2112 493 2175 tractavit
513 2096 668 2194 (prolegg.
688 2127 762 2171 nov.
780 2105 854 2170 edit.
867 2103 984 2169 Vellei.
1004 2103 1071 2168 Eri.
1088 2107 1201 2187 reim:
1233 2124 1272 2169 ex
1290 2106 1441 2169 universa
1461 2106 1545 2170 enim
1564 2104 1651 2172 illius
1672 2109 1825 2192 temperis
1851 2104 1941 2173 οοιι·ι

349 2222 472 2289 ditione
496 2221 538 2288 de
562 2223 726 2307 scriptoris
749 2221 879 2306 ingenio
902 2221 1025 2284 sincera
1045 2216 1157 2283 indicii
1177 2219 1338 2304 aequitate
1360 2216 1521 2299 disseruit,
1542 2228 1766 2305 praeterquam
1786 2218 1877 2305 quod
1897 2231 1930 2286 et

346 2340 418 2423 ipse
441 2335 635 2402 adulationis
660 2333 811 2399 invidiam
835 2354 1002 2398 removere
1024 2331 1145 2412 studet,
1172 2335 1266 2398 nimis
1289 2342 1443 2420 angustos
1463 2331 1560 2399 basius
1581 2335 1672 2399 vocis
1692 2335 1844 2399 terminos
1866 2342 1928 2399 sta-

348 2462 457 2528 tuens,
480 2455 523 2515 ita
544 2461 668 2514 utnon
688 2457 750 2511 tam
773 2447 814 2511 de
834 2469 878 2524 re,
903 2469 998 2530 quam
1019 2445 1060 2511 de
1080 2434 1209 2511 nomine
1230 2451 1451 2512 controversia
1471 2456 1578 2512 restet
1615 2446 1778 2514 Velleium
1799 2468 1927 2533 pravam

347 2568 457 2629 aetatis
479 2584 558 2624 suae
578 2559 843 2624 consuetudinem
864 2568 1009 2622 secutum
1029 2578 1140 2621 verum
1160 2555 1259 2621 rebus
1282 2561 1420 2642 pretium
1444 2569 1583 2625 statuere
1605 2569 1638 2624 et
1658 2559 1782 2625 bonum
1803 2583 1823 2624 a
1843 2560 1929 2628 malo

348 2683 497 2740 accurate
524 2670 714 2760 dignoscere
736 2691 804 2734 non
827 2666 985 2747 valuisse,
1012 2671 1147 2734 inscium
1169 2671 1264 2755 igitur
1285 2672 1321 2735 in
1343 2669 1549 2757 Imperatoris
1571 2671 1792 2738 vitiis‘famosi
1814 2671 1928 2741 laudes

347 2787 466 2855 abiisse
487 2785 577 2852 dicit:
602 2783 801 2850 adulatorem
823 2785 906 2848 enim
927 2803 995 2848 non
1015 2804 1095 2861 esse,
1118 2785 1181 2848 nisi
1197 2785 1254 2868 qui
1268 2786 1432 2850 veritatem
1447 2783 1488 2850 de
1503 2784 1660 2851 industria
1676 2783 1839 2852 obscuret
1884 2789 1928 2854 At

346 2902 421 2968 licet
439 2901 599 2967 Velleium
621 2900 781 2964 communi
803 2899 955 2982 temporis
975 2900 1027 2961 sui
1046 2895 1163 2963 morbo
1184 2896 1358 2977 laborasse,
1381 2919 1419 2964 ex
1440 2919 1546 2997 eoque
1567 2898 1657 2966 fonte
1677 2899 1835 2966 nonnulla
1853 2899 1928 2966 libri

347 3020 424 3082 vitia
438 3016 569 3081 fluxbse
592 3010 836 3078 concedendum
851 3014 900 3088 sit,
923 3014 1036 3077 mentis
1053 3021 1157 3076 nmen
1173 3009 1321 3077 idoneam
1336 3014 1437 3077 aciem
1451 3004 1482 3077 ei
1495 3033 1564 3079 non
1579 3012 1729 3094 defuisse,
1752 3013 1927 3082 dummodo

347 3127 460 3194 iudicii
480 3128 689 3214 integritatem
711 3123 863 3188 adhibere
882 3121 1046 3204 voluisset,
1070 3127 1178 3211 operis
1199 3127 1344 3211 quamvis
1359 3124 1499 3191 festinati
1515 3127 1727 3196 conformatio
1742 3139 1853 3218 aperte
1869 3128 1928 3195 do·

350 3255 410 3308 cet.
455 3242 495 3308 ln
509 3241 698 3309 Suetonium
717 3237 799 3303 illud
815 3249 846 3302 et
860 3241 957 3324 magis
975 3241 1067 3303 etiam
1082 3241 1116 3303 in
1132 3241 1306 3327 scriptores
1321 3240 1403 3304 Hist.
1419 3240 1501 3328 Aug.
1518 3241 1677 3320 convenit,
1699 3263 1766 3308 non
1781 3246 1928 3326 potuisse

348 3377 405 3422 eos
425 3377 484 3442 per
503 3357 623 3442 ingenii
642 3351 892 3417 mediocritatem
912 3356 1049 3438 tempori
1070 3374 1131 3418 suo
1152 3373 1219 3418 non
1240 3355 1371 3418 servire.
1415 3355 1533 3440 Neque
1552 3355 1697 3420 Kritzius
1716 3356 1752 3420 in
1770 3359 1929 3423 sententia

319 3470 322 3475 ’
347 3491 408 3537 sua
427 3467 555 3534 videtur
574 3476 726 3553 perstare,
750 3489 849 3552 quum
866 3465 1027 3531 Velleium
1049 3475 1183 3532 naturae
1202 3467 1360 3534 humanae
1378 3469 1458 3533 vitio
1479 3469 1513 3533 in
1527 3468 1615 3534 bunc
1628 3467 1740 3534 iudicii
1755 3471 1824 3536 sive
1839 3490 1928 3537 erro-
2045 3476 2050 3483 '

347 3604 414 3649 rem
428 3585 494 3649 sive
507 3579 669 3647 levitatem
683 3580 835 3645 incidisse
851 3579 937 3645 dicit.
982 3581 1084 3646 Recte
1099 3585 1169 3647 sine
1184 3579 1299 3648 dubio:
1323 3585 1414 3667 atqui
1426 3580 1539 3648 levitas
1561 3586 1630 3649 eius
1652 3592 1710 3664 est,
1732 3586 1790 3668 qui
1808 3605 1927 3671 pravae

295 3684 300 3690 ³
349 3699 445 3763 animi
459 3694 625 3774 voluntati,
648 3716 747 3781 quum
763 3705 878 3781 potest,
901 3697 1050 3760 resistere
1065 3716 1132 3761 non
1147 3694 1225 3760 vult.

500 3808 566 3877 Sed
582 3811 661 3875 baec
675 3809 802 3896 longius
817 3809 953 3875 fortasse
969 3831 1064 3894 qnam
1079 3831 1140 3895 pro
1155 3811 1292 3876 instituti
1307 3811 1431 3877 rafione
1446 3821 1644 3898 persecutns,
1667 3809 1708 3876 ad
1724 3813 1927 3897 propositum

348 3923 685 3991 consffiumrevertor.
703 3961 742 3975 —
774 3922 880 4010 Quam
895 3925 991 4010 igitur
1005 3926 1038 3987 irr
1054 3923 1222 4011 singularis
1237 3925 1321 3988 vitae
1335 3927 1488 3991 memoria
1501 3927 1666 3990 veritatem
1680 3925 1804 4011 requiri
1819 3933 1928 3993 osten·

349 4037 464 4116 dimus,
488 4057 526 4100 ea
548 4059 586 4101 er
608 4040 758 4103 universa
777 4040 939 4123 temporis,
962 4037 1085 4124 populi,
1109 4039 1244 4103 civitatis
1266 4039 1392 4103 ratione
1411 4037 1586 4125 repetenda
1607 4042 1674 4119 erit,
1697 4049 1734 4104 ut
1754 4060 1926 4125 quaecum

349 4155 398 4220 his
420 4152 601 4220 communia
618 4159 650 4214 et
665 4155 882 4235 congruentia,
906 4172 990 4234 quae
1005 4149 1067 4216 sibi
1082 4155 1214 4240 prppria
1228 4150 1344 4219 babeat
1358 4150 1414 4219 ifle
1428 4174 1514 4220 unus
1528 4152 1713 4242 planissime
1728 4155 1881 4240 cognosci
1890 4163 1927 4221 et
1975 4174 1980 4181 ·

241 4304 246 4311 ·
350 4266 503 4355 distingui
523 4267 640 4353 possit:
670 4283 707 4329 ex
727 4262 909 4350 aequalium
930 4266 1013 4330 enim
1035 4248 1261 4333 communitate
1279 4269 1325 4334 ita
1345 4271 1499 4349 eximitur,
1522 4277 1559 4334 ut
1580 4278 1684 4369 temen
1704 4269 1926 4353 cognationem
2010 4278 2018 4289 '

350 4401 423 4450 eum
442 4382 505 4449 illis
526 4383 631 4448 omnis
651 4382 721 4446 eius
742 4381 808 4444 vita
828 4376 957 4454 babeam
980 4382 1029 4444 sic
1050 4400 1123 4446 euru
1142 4381 1207 4448 frui
1226 4379 1372 4450 videmus
1391 4383 1626 4527 libertats'sua,
1648 4389 1686 4445 ut
1700 4401 1739 4446 ex
1753 4367 1926 4447 indiscreta

385 4670 427 4741 (¹)
459 4671 537 4745 Quae
555 4676 660 4731 iuvenis
678 4677 834 4751 scripserat,
853 4675 1012 4733 etiamnunc
1030 4695 1112 4734 senex
1131 4688 1235 4746 tuetur,
1255 4678 1286 4735 in
1303 4694 1381 4734 auam
1399 4693 1458 4731 rem
1476 4675 1578 4732 vocatia
1596 4675 1645 4751 qui
1662 4675 1697 4732 ds
1709 4675 1821 4762 Tiberio
1835 4673 1925 4730 lenius

348 4759 550 4828 indicaverunt,
568 4783 595 4818 v.
609 4765 711 4821 Jacobs
724 4763 909 4821 Personalien.
933 4763 1013 4823 1840.
1036 4788 1064 4842 p.
1075 4765 1121 4824 ts.
1142 4773 1206 4824 353.
1245 4770 1285 4825 Aa
1302 4765 1375 4824 salva
1392 4765 1556 4823 verecundia
1574 4765 1627 4823 boe
1644 4767 1829 4842 apposuerim,
1848 4762 1924 4822 aliud

349 4868 406 4908 em
424 4849 568 4908 rnerium
587 4852 726 4909 vindieara
744 4855 779 4910 as
797 4855 947 4911 ureteras
966 4858 1081 4926 ursan,
1100 4856 1176 4915 aliud
1195 4857 1278 4915 anm
1295 4857 1354 4931 erm
1372 4853 1543 4914 uanam
1560 4856 1687 4931 pmsrre.
1946 4838 1966 4861 ⁸
