4178 5624
1118 329 1166 403 48

1024 442 1257 496 ww

351 582 423 674 dam
437 604 576 670 hominis
592 611 748 667 naturam:
773 620 924 665 summam
939 598 1013 665 dico
1029 595 1144 685 egendi
1158 599 1323 674 rationem,
1344 596 1408 682 qua
1430 601 1534 665 omnis
1548 601 1632 666 vitae
1654 605 1825 666 consensio
1850 600 1928 667 con-

351 725 479 797 tinetur,
504 728 534 781 et
555 715 642 782 unde
663 714 752 780 velut
776 736 812 781 ex
833 716 993 800 principio
1015 733 1077 776 suo
1099 707 1240 777 omniurn
1262 711 1468 778 consiliorum
1493 736 1608 779 causae
1629 713 1824 801 repetendae
1845 706 1929 780 sunt.

352 834 391 902 Id
410 834 523 919 quanti
542 834 582 895 sit
603 827 792 905 habendum,
816 829 947 890 Tacitus
966 828 1085 913 optime
1101 825 1211 891 docet:
1236 828 1351 891 etenim
1368 829 1547 892 universam
1564 829 1734 914 Agricolae
1750 827 1845 894 vitam
1862 849 1930 894 uno

353 955 530 1034 conspectu
550 947 719 1018 intuemur,
744 943 904 1026 quoniam,
927 959 1047 1004 summa
1067 938 1121 1004 illa
1136 941 1232 1004 animi
1247 939 1358 1005 indole
1372 941 1538 1027 patefacto,
1562 941 1686 1026 reliqua
1701 946 1765 1008 vita
1781 941 1930 1008 dramatis

352 1065 454 1127 instar
469 1068 501 1125 ct
516 1057 603 1123 velut
618 1061 724 1122 innata
741 1055 940 1119 constantiae
955 1052 1025 1141 lege
1041 1053 1191 1119 decurrit.
1230 1055 1300 1118 Hae
1315 1063 1383 1118 arte
1399 1059 1455 1140 qui
1471 1066 1588 1133 carent,
1613 1076 1706 1119 casus
1722 1055 1820 1122 modo
1837 1077 1932 1121 eren-

352 1185 469 1261 tusque
485 1173 634 1238 videntur
655 1167 783 1246 reterre,
808 1188 891 1253 quos
910 1149 1101 1254 plerumque
1118 1167 1268 1233 fortuitos
1284 1165 1396 1232 haberi
1412 1177 1549 1254 oportet,
1572 1172 1634 1233 nisi
1651 1171 1731 1233 ratio
1748 1169 1842 1235 simul
1858 1191 1934 1234 cau-

353 1310 473 1375 saeque
494 1292 674 1351 noscuntur
695 1281 750 1364 (ci.
763 1283 838 1344 Tac.
851 1280 922 1344 hist.
934 1285 960 1358 t,
974 1281 1023 1362 i):
1053 1302 1114 1345 nec
1138 1290 1201 1344 tam
1223 1279 1417 1366 singulorum
1435 1303 1540 1346 rerum
1557 1285 1857 1348 commemoratione
1874 1282 1934 1349 do-·

354 1406 420 1469 ceri
442 1409 497 1464 aut
516 1394 636 1482 impelli
656 1404 762 1481 potest
782 1397 906 1458 animus
927 1403 963 1457 ut
983 1395 1081 1480 erigat
1102 1414 1157 1471 se,
1169 1414 1276 1458 mores
1298 1393 1444 1459 emendet
1464 1397 1613 1482 vitaeque
1635 1394 1775 1461 salubris
1797 1396 1932 1461 consilia

352 1518 451 1589 ineat,
481 1533 573 1597 quam
599 1511 765 1595 capotius
788 1506 912 1573 alienae
934 1510 1018 1572 vitae
1040 1507 1325 1594 contemplatione,
1353 1530 1436 1596 quae
1457 1507 1497 1575 ad
1518 1513 1646 1575 intimos
1668 1513 1764 1576 animi
1784 1532 1932 1575 recessus
2000 1550 2013 1560 -

352 1627 591 1710 voluntatisque
612 1625 704 1710 quasi
724 1621 829 1688 fontes
850 1619 1039 1687 admittitur:
1069 1622 1129 1687 hae
1149 1620 1276 1687 demum
1298 1626 1451 1688 excitatur
1467 1624 1622 1689 humanae
1637 1622 1883 1717 necessitudinis
1900 1633 1934 1688 et

354 1743 530 1807 communis
546 1748 679 1803 naturse
695 1739 900 1814 conscientia,
924 1757 1022 1823 quum
1038 1735 1162 1823 singula
1178 1736 1346 1825 iorsregat
1362 1747 1393 1801 ct
1408 1740 1494 1801 varia
1511 1748 1690 1824 temporum
1708 1737 1862 1804 conditio.

507 1851 573 1918 Sed
591 1856 624 1917 in
644 1850 813 1916 medianis
836 1853 1013 1916 consistere
1030 1872 1142 1937 cogor:
1166 1849 1321 1937 reliquam
1337 1853 1421 1917 enim
1436 1854 1600 1917 institutae
1617 1851 1844 1939 disputationis
1859 1873 1934 1938 por·

354 1979 415 2034 tem
433 1970 603 2053 quominus
619 1967 681 2031 hoc
697 1964 771 2030 loco
787 1963 941 2042 adiiciam,
965 1967 1107 2030 terminis
1123 1962 1289 2050 impedior,
1314 1968 1370 2050 qui
1385 1966 1460 2029 huic
1476 1964 1587 2030 libello
1604 1970 1769 2032 constituti
1786 1975 1869 2031 sunt.
