4178 5624
902 349 952 426 35

807 464 1042 493 mm

134 631 317 696 Exercitatt
328 648 361 713 p.
370 628 445 692 320.
460 623 586 712 probat,
600 640 668 688 non
683 619 779 685 alium
795 640 986 706 quemquam
1000 627 1128 707 praeter
1139 619 1330 689 Suetonium
1345 624 1520 712 singularia
1533 625 1588 694 illa
1599 630 1640 696 de
1651 636 1717 699 vita

135 753 168 809 et
187 745 315 830 scriptis
333 739 504 806 iuvenalis
523 757 621 803 nosse
636 746 668 801 et
682 739 716 802 in
731 735 839 801 literas
854 736 975 802 referre
990 739 1145 822 potuisse.
1191 736 1287 822 Quae
1302 743 1460 806 sententia
1475 745 1523 806 uti
1539 745 1716 812 commodis

135 859 326 946 argumentis
346 859 467 933 nititur,
489 857 534 918 ita
553 873 621 918 non
641 849 801 941 prohibet,
825 855 997 937 quominus
1019 849 1102 916 banc
1122 851 1311 938 particulam
1331 862 1453 921 tantum
1474 854 1630 941 plenioris
1651 876 1717 927 me-

132 974 254 1037 moriae
275 990 346 1037 ease
367 966 488 1034 credas.
511 1004 553 1019 -
592 969 629 1032 ln
647 965 815 1032 codicibus
829 965 996 1031 nonnullis
1011 966 1123 1031 harum
1139 967 1265 1049 (Persii,
1281 967 1413 1048 Lucani,
1435 971 1620 1056 iuvenalis)
1635 956 1716 1040 vila-
1744 972 1751 1003 ¹

132 1107 203 1150 rum
225 1057 339 1152 auctor
358 1081 511 1147 Valerius
532 1080 661 1147 Probus
681 1084 901 1175 grammaticus
923 1083 1115 1160 nominatur,
1144 1090 1181 1146 ut
1200 1084 1307 1168 possis
1330 1085 1494 1170 suspicari,
1521 1087 1609 1152 hunc
1631 1109 1716 1175 quac

131 1201 306 1267 Suetonius
322 1199 503 1283 scripserat,
525 1205 723 1275 retractasse,
742 1195 1007 1281 quandoquidem
1022 1197 1238 1283 posteriorum
1253 1199 1527 1283 grammaticorum
1540 1201 1660 1269 multos
1676 1225 1717 1269 ex

132 1314 278 1379 Suetonii
300 1332 400 1400 opere
420 1314 581 1390 hausisse,
609 1309 667 1377 sed
687 1330 738 1374 res
759 1331 822 1396 pro
843 1312 910 1406 spis
931 1308 1112 1375 rationibus
1136 1319 1347 1377 commutasse
1372 1315 1448 1378 satis
1476 1312 1630 1380 credibile
1658 1327 1714 1384 est

130 1429 194 1494 Pro
211 1437 300 1493 certo
317 1425 438 1513 aliquid
454 1430 487 1491 in
503 1428 569 1491 hoc
581 1445 700 1512 genere
714 1425 925 1510 pronuntiare
940 1422 1107 1488 nonlicet.
1153 1422 1332 1489 Multorum
1347 1429 1542 1513 scriptorum
1557 1439 1589 1493 et
1604 1442 1714 1516 poeta-

131 1563 201 1606 rum
222 1544 377 1628 imprimis
400 1543 494 1619 vitae,
516 1537 608 1604 brevi
627 1538 816 1633 plerumque
838 1539 1096 1624 comprehensae,
1119 1539 1153 1602 in
1170 1535 1338 1603 codicibus
1354 1538 1534 1627 adscriptae
1545 1545 1715 1610 inveniun-

128 1665 197 1734 tur,
227 1657 371 1720 auctoris
399 1658 531 1719 nomine
559 1654 628 1719 lere
656 1656 791 1719 omisso:
826 1673 881 1717 eas
910 1634 1186 1739 grammaticorum
1218 1651 1333 1718 studiis
1363 1651 1477 1719 deberi
1507 1660 1713 1741 perspicuum

131 1768 276 1844 est;·sed
297 1772 392 1834 citius
408 1768 535 1848 dixeris,
559 1789 660 1854 aquo
676 1789 744 1833 non
761 1770 908 1853 scriptae,
932 1789 1027 1853 quam
1044 1769 1098 1831 cui
1113 1770 1177 1832 sint
1192 1765 1424 1833 attribuendae.
1442 1805 1483 1819 -
1522 1770 1600 1834 Non
1615 1774 1714 1858 magis

69 1900 71 1904 ⁴
130 1881 171 1947 de
189 1881 323 1972 Virgilii
342 1885 407 1947 vite
429 1891 563 1962 constat,
587 1904 682 1968 quam
704 1883 758 1947 alii
774 1881 952 1965 Servii(¹),
975 1881 1033 1946 sed
1055 1881 1204 1968 plerique
1224 1884 1498 1948 masticamine
1518 1881 1716 1962 inscribunt;

130 2000 157 2059 is
178 2017 255 2060 num
271 1995 341 2060 hel.
357 1998 507 2062 Donatus
528 2001 577 2074 sit,
602 2000 659 2081 qui
679 1995 760 2060 med.
777 2017 860 2060 saec
875 1995 904 2060 l.
921 1994 1040 2075 floruit,
1064 1992 1105 2060 au
1119 1994 1192 2060 Tib.
1210 1995 1325 2062 Claud.
1341 1996 1499 2075 Donatus,
1522 2001 1714 2083 posterioris

130 2111 241 2173 aetatis
264 2113 495 2195 grammaticus,
517 2132 631 2196 parurn
652 2109 770 2194 liquet;
799 2109 872 2175 ael.
891 2109 1033 2188 Donato,
1056 2111 1187 2176 homine
1208 2109 1403 2191 doctissimo,
1426 2110 1555 2198 indigna
1576 2111 1713 2193 videtur.

129 2224 275 2288 Priorem
300 2232 405 2288 autem
433 2232 554 2309 partem
581 2223 699 2309 legenti
722 2222 881 2309 permulta
904 2223 1096 2288 Suetoniani
1123 2228 1279 2289 semeonis
1306 2223 1426 2289 indicia
1451 2235 1621 2312 apparent,
1651 2229 1715 2291 nisi

130 2334 220 2421 quod
245 2339 359 2401 ceteris
382 2346 551 2422 poetarum
574 2338 648 2400 vitis
669 2335 771 2401 multo
795 2346 843 2401 est
867 2339 1032 2422 copiosius
1056 2339 1183 2423 scripta,
1212 2336 1270 2402 sed
1292 2339 1390 2403 variis
1412 2337 1511 2403 rebus
1534 2342 1578 2404 ita
1604 2362 1714 2405 eumu-

128 2449 206 2528 lata‚
234 2459 271 2514 nt
292 2450 386 2516 lacile
406 2449 465 2515 tibi
484 2448 695 2537 persuadeas,
720 2470 804 2535 quae
822 2451 998 2514 Suetonius
1018 2448 1150 2514 brevius
1172 2461 1405 2535 composuerat,
1428 2460 1541 2538 postea
1562 2474 1714 2539 gramma-

129 2567 185 2628 tici
204 2563 340 2628 alicuiue
361 2563 519 2628 industria
540 2568 574 2628 in
594 2564 681 2628 hunc
700 2563 831 2627 modum
853 2562 1044 2649 amplificata
1063 2584 1144 2627 esse.
1161 2601 1201 2614 -—
1241 2563 1345 2629 Plinii
1358 2585 1437 2629 vero
1451 2568 1581 2630 maioris
1597 2589 1714 2633 memo-

128 2681 207 2743 riam
228 2677 402 2744 admodum
421 2678 618 2766 negligenter
639 2681 853 2762 conscriptam
876 2677 1035 2743 Suetonio
1056 2698 1125 2742 non
1146 2675 1351 2756 adiudicabit,
1376 2681 1433 2762 qui
1453 2682 1523 2744 eius
1545 2701 1665 2746 morem
1683 2689 1715 2746 et

130 2791 303 2858 dictionem
324 2795 461 2858 noverit.
507 2791 683 2874 Scripsisse
704 2812 777 2854 eum
796 2790 837 2853 de
852 2789 950 2853 Plinii
963 2792 1029 2871 vita
1044 2792 1176 2876 vestigia
1192 2798 1276 2867 sunt,
1299 2788 1387 2854 unde
1403 2789 1444 2855 de
1459 2792 1522 2856 hoc
1537 2791 1606 2856 letu
1622 2814 1715 2858 error

129 2915 223 2971 natus
239 2911 314 2990 eet(
337 2912 360 2988 ).
378 2900 420 2956 -ὲ
450 2906 615 2970 Ausonius
632 2923 681 2988 ep.
693 2906 743 2967 19.
760 2901 909 2967 Suetonii
923 2902 1026 2968 libros
1042 2912 1107 2968 tres
1123 2902 1165 2968 de
1180 2901 1324 2990 Regibus
1337 2915 1571 2984 commemorat,
1596 2916 1628 2970 et
1642 2907 1714 2973 Sui-

130 3017 187 3084 daa
207 3040 292 3104 opus
312 3017 354 3084 de
374 3015 553 3082 illustribus
570 3016 694 3081 lamiliis
711 2996 939 3095 Romanorum,
963 3015 1077 3105 ςίμμα
1094 3014 1249 3102 Ῥωμαίων
1269 3015 1376 3107 ἀνδρῶν
1395 3013 1554 3103 ι’πισῆμων.
1572 3057 1612 3070 -
1647 3021 1714 3084 De-

19 3134 26 3141 ’
128 3135 229 3218 nique
250 3131 394 3197 libellum
417 3130 459 3196 de
478 3134 555 3196 viris
575 3129 763 3211 illustribus,
786 3152 873 3196 nunc
888 3130 1013 3195 Aurelii
1028 3132 1173 3195 Victoris
1188 3133 1320 3197 nomine
1335 3133 1533 3218 inscriptum,
1557 3133 1714 3218 quamde

129 3256 263 3313 auctore
283 3246 494 3325 dubitaretur,
518 3244 558 3311 ad
574 3246 766 3312 Suetonium
789 3265 922 3330 quoque
942 3243 1076 3309 relatum
1097 3264 1177 3325 esse,
1200 3264 1268 3310 non
1288 3247 1447 3310 miremur.
1492 3247 1544 3312 Eo
1564 3250 1662 3334 magis
1678 3250 1712 3312 in

129 3370 259 3448 promtu
280 3382 380 3438 error,
404 3359 494 3445 quod
511 3363 669 3447 integrum
684 3358 766 3425 illud
782 3356 1051 3444 descriptoribus
1067 3379 1150 3445 opus
1166 3357 1227 3437 „de
1241 3358 1404 3424 literarum
1419 3362 1498 3425 viris
1514 3359 1713 3427 illustribus*

129 3472 305 3560 aliquando
332 3477 530 3539 nominatum
558 3483 626 3537 erat
647 3472 708 3556 (³).
759 3474 830 3538 Nec
856 3483 976 3538 temere
1002 3475 1204 3551 coniicimus,
1234 3472 1276 3538 ad
1304 3474 1390 3538 hunc
1416 3473 1566 3541 Suetonii
1594 3473 1712 3541 librum

128 3577 262 3654 maxime
281 3590 451 3674 pertinere,
474 3599 510 3652 ut
531 3590 601 3653 eius
618 3585 755 3652 ambitus
774 3586 851 3653 inde
866 3590 1020 3675 cognosci
1035 3589 1146 3673 possit,
1170 3609 1253 3672 quae
1269 3588 1487 3674 Hieronymus
1504 3589 1545 3656 ad
1560 3591 1713 3676 Augusti-

129 3702 274 3792 numj(⁸)
298 3701 418 3781 scribit,
445 3723 611 3788 nunquam
632 3702 828 3788 epitaphium
849 3702 976 3767 titulum
997 3710 1122 3768 veteres
1142 3704 1216 3767 vitis
1237 3705 1365 3790 seriptis
1385 3703 1549 3782 indidisse,
1573 3702 1631 3767 sed
1651 3700 1712 3781 „de

128 3815 307 3884 illustribus
321 3821 409 3896 viris,
431 3816 523 3882 verbi
538 3820 636 3904 gratia
651 3815 800 3897 ducibus,
822 3815 1035 3903 philosophis,
1058 3814 1252 3896 oratoribus,
1273 3817 1444 3895 historicis,
1465 3818 1579 3903 poetis,
1602 3818 1711 3902 epicis,

129 3931 283 4017 physicis,
305 3934 441 4016 tragicis,
466 3933 623 3999 comicia!
640 3969 681 3982 -

282 4044 520 4112 Antoninorum
540 4048 590 4112 Pii
611 4055 642 4112 et
657 4047 761 4112 Marci
782 4055 935 4131 tempore,
959 4064 1058 4129 quum
1074 4042 1220 4109 Graecae
1239 4042 1440 4128 potissimum
1460 4041 1572 4108 literae
1587 4044 1710 4109 Romae

129 4157 325 4238 foverentur,
348 4159 412 4225 boc
436 4180 568 4245 quoque
589 4161 744 4243 historiae
764 4180 865 4246 genus
888 4167 1057 4223 tractatum
1081 4166 1144 4233 est;
1172 4154 1230 4223 sed
1252 4179 1347 4243 quam
1366 4159 1485 4245 inepte,
1507 4178 1590 4223 unus
1614 4155 1711 4221 docet

131 4275 357 4359 Amyntianus,
380 4271 422 4340 de
444 4295 511 4360 quo
527 4273 663 4339 Photius
685 4271 842 4338 codtsl:
870 4271 1090 4358 παραλλήλους
1109 4269 1243 4348 weidner
1262 4268 1354 4351 βίους,
1372 4270 1468 4357 ὥσπερ
1488 4265 1639 4337 nesorio
1658 4264 1710 4337 secl

128 4385 309 4472 Δομιτιανοῢ
328 4386 355 4454 ts
373 4383 440 4456 δυσὶ
460 4382 570 4521 λέγοὴις,
591 4384 739 4456 Φιλίππου
758 4414 790 4454 τε
810 4383 985 4455 Mentior
1003 4381 1056 4456 καὶ
1076 4381 1238 4475 Αὐγοόςου
1258 4383 1286 4452 ἕν
1305 4383 1405 4472 &aare
1423 4379 1512 4451 hri.

71 4633 74 4637 .
167 4641 209 4717 (¹)
241 4640 415 4735 wldeibom.
436 4643 561 4699 Maecen-
582 4652 664 4719 p.89.
776 4644 819 4720 (²)
849 4642 1164 4703 acamubanimadv.

168 4748 209 4822 (¹)
241 4769 267 4805 v.
283 4749 445 4826 Hieronym.
462 4750 550 4826 praef.
565 4749 654 4811 Catal.
668 4755 776 4829 scriptt.
791 4751 886 4810 eccles.
902 4752 963 4808 init.
1075 4749 1117 4822 (⁴)
1147 4767 1211 4825 epp.
1226 4748 1270 4804 ed.
1286 4745 1347 4803 lies.
1364 4744 1484 4804 eroes.
1500 4765 1528 4825 p.
1539 4749 1602 4806 337.

147 4870 153 4886 ‘
653 4886 659 4895 ·
1001 4854 1004 4859 '
1369 4853 1428 4916 Ea
