4178 5624
917 331 943 402 9

139 616 176 675 nt
196 627 294 695 supra
315 608 450 672 civitatis
470 602 600 671 modum
616 600 771 668 excedere
785 599 958 666 videretur.
1005 597 1132 666 Odiosa
1146 599 1209 665 illis
1225 604 1329 667 omnis
1344 607 1569 691 exsuperantia
1582 608 1720 688 virtutis,
1747 686 1753 699 ¹

139 742 249 808 neque
268 721 418 808 Ephesiis
438 720 542 785 solum
563 739 601 783 ea
620 696 720 795 mens,
743 726 780 782 ut
802 716 962 809 dicerent:
984 735 1098 795 „nemo
1119 713 1160 781 de
1180 714 1276 782 nobis
1297 738 1382 783 unus
1404 718 1550 797 excellat;
1574 724 1624 787 sin
1646 724 1721 809 quis

141 839 286 915 extiterit,
309 836 374 903 alio
390 839 423 901 in
438 835 514 899 loco
530 841 562 897 et
577 831 665 918 apud
680 831 761 896 alios
777 833 861 917 sit’(
883 838 906 916 ).

295 951 360 1017 Sed
383 947 483 1014 redeo
505 946 593 1012 unde
614 946 777 1033 digressus
798 968 877 1012 sum.
922 948 1062 1012 Romani
1083 949 1117 1012 in
1138 947 1257 1034 pietate
1277 966 1350 1032 erga
1371 951 1507 1014 maiores
1529 947 1667 1016 colenda
1688 959 1722 1016 et

142 1064 411 1152 contemplatione
430 1065 515 1128 vitae
534 1084 594 1149 per
612 1065 762 1127 virtutem
784 1071 874 1127 actae
895 1084 995 1147 quum
1015 1064 1274 1127 honestissimum
1290 1060 1438 1126 solatium
1450 1062 1518 1147 (²),
1532 1073 1599 1129 tum
1613 1086 1721 1131 rerum

140 1180 227 1247 bene
244 1177 455 1267 gerendarum
477 1176 558 1242 utile
572 1180 809 1242 incitamentum
822 1175 873 1260 (³)
888 1180 996 1242 inesse
1010 1180 1079 1257 rati,
1103 1177 1238 1262 plurima
1253 1174 1351 1241 laude
1365 1177 1449 1241 banc
1463 1177 1629 1244 utilitatem
1645 1179 1722 1245 elle·

141 1304 229 1360 runt:
252 1303 350 1380 atque
371 1291 455 1358 adeo
477 1294 604 1378 pristini
619 1295 773 1378 temporis
788 1295 998 1355 reverentiam
1013 1295 1047 1355 in
1064 1289 1223 1377 quandam
1238 1294 1414 1356 iuventutis
1430 1289 1629 1379 disciplinam
1644 1313 1723 1360 con·

139 1418 312 1475 verterunt.
357 1410 432 1474 Hoc
452 1404 612 1492 Polybius
639 1408 674 1470 in
696 1407 824 1490 optimis
848 1404 1047 1490 reipublicae
1069 1406 1234 1469 Romanae
1257 1408 1410 1471 institutis
1433 1416 1593 1476 numerat:
1625 1428 1722 1492 quem

140 1526 225 1601 enim
239 1522 395 1589 intuenda
409 1524 566 1587 maiorum
577 1522 698 1589 ,virtute
712 1540 780 1585 nou
795 1518 896 1584 imbui
912 1540 1071 1606 generoso
1087 1520 1211 1605 spiritu,
1234 1539 1302 1584 non
1317 1519 1438 1605 impelli
1452 1519 1493 1586 ad
1508 1520 1644 1600 laudem,
1667 1529 1723 1586 aut

139 1636 196 1702 tali
218 1636 405 1724 spectaculo
429 1634 509 1722 quid
532 1634 699 1721 pulchrius
723 1632 891 1720 obtingere
915 1637 968 1698 cui
991 1654 1089 1719 posse
1109 1632 1180 1716 (⁴)?
1208 1633 1368 1699 Nimirum
1388 1631 1423 1697 id
1443 1637 1575 1699 maxime
1596 1645 1723 1702 veteres

81 1790 86 1797 ·
140 1752 279 1817 Romani
298 1755 333 1816 in
352 1753 463 1837 pueris
485 1748 671 1815 erudiendis
691 1747 889 1835 spectabant,
912 1757 949 1813 ut
968 1750 1099 1834 patriae,
1123 1749 1215 1812 cuius
1238 1770 1273 1812 se
1293 1745 1456 1833 quondam
1472 1749 1559 1812 cives
1574 1747 1646 1813 lore
1661 1752 1724 1814 sci-

140 1875 221 1944 rent,
243 1888 382 1932 amorem
403 1867 516 1930 animis
536 1874 660 1928 mature
680 1862 872 1927 imbiberent
892 1865 1028 1947 eiusque
1044 1861 1246 1928 adiuvandae
1261 1871 1293 1928 et
1308 1859 1551 1949 amplificandae
1567 1884 1640 1928 acre
1656 1871 1724 1928 stu-

142 1979 238 2045 dium.
277 1981 327 2043 Eo
343 1978 540 2063 dirigebatur
555 1953 709 2062 quicquid
728 1985 874 2041 sanxerat
889 1978 991 2062 patria
1008 1976 1220 2041 consuetudo.
1258 1977 1434 2063 Propterea
1448 1975 1502 2040 vel
1515 1979 1550 2040 in
1566 1979 1723 2042 conviviis

140 2094 240 2180 prisci
258 2095 356 2158 moris
377 2092 438 2157 luit
458 2094 570 2178 „pueri
589 2089 726 2156 modesti
746 2098 783 2155 ut
804 2099 970 2155 cantarent
991 2093 1129 2155 carmina
1150 2093 1290 2176 antiqua,
1313 2095 1347 2157 in
1368 2088 1486 2176 quibus
1504 2089 1616 2156 laudes
1633 2098 1725 2177 erant

142 2208 312 2273 maiorum’'
334 2205 396 2292 (⁵).
442 2205 530 2271 ldem
555 2208 707 2270 convivas
731 2207 765 2269 in
789 2203 894 2290 epulis
917 2205 1032 2269 fecisse
1056 2225 1095 2268 ex
1115 2204 1250 2271 Catonis
1272 2204 1463 2292 Originibus
1485 2191 1584 2271 refert
1605 2204 1723 2272 Cicero

141 2323 236 2386 Tusc
253 2325 281 2399 1,
293 2327 323 2383 2.
339 2318 412 2383 add.
429 2318 471 2382 de
485 2318 580 2404 legib.
594 2325 625 2397 2,
638 2317 690 2382 24.

295 2432 361 2497 lam
381 2453 460 2497 vero
480 2454 578 2518 quum
599 2428 781 2518 respublica
802 2431 843 2497 ab
866 2433 985 2519 exiguis
1008 2432 1152 2519 prolecta
1173 2437 1271 2498 initiis
1291 2456 1330 2498 ac
1351 2435 1468 2498 civium
1488 2434 1677 2499 fortitudine
1692 2441 1725 2499 et

88 2605 97 2633 ,
144 2549 322 2614 constantia
349 2551 476 2611 omnem
498 2546 664 2612 adversam
688 2546 846 2611 fortunam
872 2545 1009 2612 eluctata
1032 2547 1077 2612 ad
1100 2570 1250 2613 summam
1273 2550 1400 2634 imperii
1421 2545 1669 2635 magnitudinem
1693 2556 1725 2614 et

141 2661 321 2727 firmitatem
345 2671 455 2726 evecta
479 2671 572 2741 esset,
596 2660 811 2746 exemplorum
832 2665 867 2726 in
891 2665 979 2725 omui
1001 2665 1128 2728 virtutis
1151 2683 1269 2748 genere
1291 2684 1436 2749 magnam
1456 2666 1582 2749 copiam
1603 2661 1724 2731 babuit.

141 2777 225 2841 Nam
247 2773 338 2861 quod
357 2777 392 2839 in
413 2773 545 2860 singulis
564 2774 747 2838 bominibus
763 2796 825 2837 usu
839 2777 951 2837 venire
967 2773 1057 2851 solet,
1081 2784 1116 2838 ut
1131 2777 1322 2859 gravissimis
1339 2770 1467 2838 casibus
1483 2784 1515 2839 et
1531 2774 1726 2840 difficultati-

142 2888 205 2954 bus
226 2889 401 2956 conflictati
420 2890 518 2953 animi
535 2886 639 2953 robur
654 2885 865 2972 comprobent
881 2896 913 2950 et
927 2895 1071 2972 augeant,
1095 2884 1189 2966 idem,
1212 2889 1240 2950 si
1255 2885 1321 2950 ulla
1336 2908 1478 2973 unquam
1494 2890 1614 2967 civitas,
1637 2898 1726 2955 certe

144 3005 291 3069 Romana
315 3013 444 3088 experta
468 3012 526 3067 est.
571 3001 683 3086 Quare
703 2999 744 3064 ad
766 3010 933 3065 extremam
953 3022 1059 3086 usque
1078 3003 1204 3085 imperii
1224 3002 1363 3065 Romani
1382 3005 1564 3067 memoriam
1583 3001 1725 3087 pruden-

144 3115 283 3182 tioribus
303 3137 423 3182 morcm
443 3116 544 3180 luisse
563 3113 718 3193 videmus,
742 3117 769 3178 si
792 3114 925 3200 quando
944 3136 996 3179 res
1014 3117 1143 3199 gravior
1157 3113 1280 3201 agenda
1296 3124 1389 3194 esset,
1411 3117 1568 3181 maiorum
1583 3117 1727 3204 exempla
1803 3110 1811 3126 ⁸

145 3229 345 3298 consulendi.
390 3230 446 3296 Sic
465 3227 685 3294 Alexandrum
702 3228 860 3326 ¹Severum
879 3227 951 3292 Ael.
966 3227 1171 3313 Lampridius
1192 3231 1310 3311 (cib.)
1325 3238 1433 3293 narrat
1448 3250 1574 3316 semper
1588 3234 1726 3317 requisi-

143 3348 238 3423 visse,
262 3344 341 3430 quid
361 3348 396 3409 in
415 3343 533 3409 talibus
555 3347 669 3422 causis,
694 3342 806 3429 quales
826 3346 860 3407 in
880 3341 1115 3428 disceptatione
1134 3353 1348 3423 versarentur,
1370 3351 1495 3409 veteres
1514 3347 1724 3430 immaturos

143 3458 304 3523 iecissent.
341 3460 390 3521 Ex
403 3459 468 3521 boc
483 3458 620 3522 consilio
635 3456 709 3520 libri
725 3456 766 3521 de
782 3478 979 3523 summorum
993 3458 1158 3523 bominum
1173 3456 1267 3521 dictis
1282 3457 1440 3543 lactisque
1454 3457 1724 3540 memorabilibus,

144 3571 186 3638 de
202 3569 405 3657 quonmdam
421 3579 555 3658 augusta
570 3573 733 3657 progenie,
756 3570 913 3656 multique
928 3570 981 3636 alii
997 3573 1151 3657 originem
1166 3570 1361 3648 habuerunt;
1386 3593 1524 3658 quorum
1537 3595 1637 3659 quum
1652 3573 1725 3659 plu·

144 3707 205 3765 res,
227 3688 404 3751 inventutis
419 3688 571 3771 imprimis
587 3688 663 3749 usui
678 3684 836 3764 destinati,
860 3684 973 3750 eodem
989 3684 1084 3750 titulo
1099 3683 1140 3750 dc
1155 3689 1240 3751 ein‘s
1255 3684 1431 3752 illustribus
1447 3690 1593 3772 inscripti
1608 3695 1725 3766 essent,

25 3796 28 3801 ⁴
143 3803 251 3867 variae
274 3801 315 3866 de
335 3811 481 3887 tempore
501 3810 533 3865 et
553 3799 595 3865 dc
615 3799 803 3865 auctoribus
825 3803 1065 3866 controversiae
1087 3810 1177 3866 ortae
1196 3810 1281 3866 sunt.
1325 3801 1413 3865 lnter
1434 3802 1495 3866 hos
1516 3808 1622 3864 autem
1645 3803 1724 3867 scri-
1832 3874 1841 3897 Ι

145 3924 265 4001 ptores,
280 3937 418 3999 quorum
434 3937 534 4003 opera
549 3918 712 3980 iuniorum
727 3925 861 3981 aetatem
878 3915 1052 4002 spectabat,
1068 3925 1223 4000 quantum
1238 3916 1398 3979 coniicere
1408 3912 1492 3992 licet,
1516 3915 1609 3979 etiam
1622 3912 1723 3982 Com.

145 4030 268 4116 Nepos,
296 4029 423 4113 qualem
445 4051 534 4096 nunc
557 4029 687 4116 quidem
708 4029 872 4108 babemus,
901 4031 981 4093 llur.
1001 4031 1126 4106 Victor,
1154 4025 1229 4091 Val.
1248 4028 1415 4108 Maximus,
1442 4026 1490 4092 Pl
1505 4027 1616 4116 Alpbii
1636 4031 1724 4094 Aviti

184 4314 225 4386 (¹)
255 4313 315 4373 ca.
329 4272 517 4382 suessae.
551 4314 588 4372 cs.
611 4315 646 4370 r.
663 4314 693 4370 r.
710 4314 853 4370 samana
871 4314 946 4389 syri.
960 4315 989 4370 a.
1005 4311 1076 4371 stat.
1091 4313 1194 4371 miros.
1215 4288 1243 4390 p.
1256 4319 1320 4373 205.
1340 4334 1401 4391 sqq.
1463 4277 1467 4284 ’

183 4422 226 4496 (¹)
258 4423 323 4478 Tac.
339 4425 416 4480 Ann.
432 4430 478 4490 15,
493 4423 623 4531 ⁶³5&ss
639 4423 733 4480 Germ.
749 4425 795 4482 27·
915 4488 919 4493 ᾗ

184 4532 226 4606 (¹)
256 4531 391 4606 Scipionis
409 4551 454 4607 ap.
469 4532 578 4588 Sallust.
594 4533 660 4608 lug.
682 4529 743 4589 cd.
764 4550 818 4588 vox
836 4531 1004 4588 celebratur:
1032 4532 1164 4588 memoria
1183 4549 1275 4586 rerum
1294 4538 1433 4606 gestarum
1451 4528 1590 4585 fflmmsm
1607 4532 1723 4609 egregiis

148 4624 211 4680 viris
230 4624 260 4680 in
280 4632 390 4697 pectore
408 4640 527 4678 crescere
544 4642 633 4699 neque
651 4625 728 4700 prius
745 4622 846 4692 sedari,
865 4641 949 4698 quam
967 4623 1055 4679 virtus
1070 4639 1166 4678 corum
1179 4619 1281 4676 lamma
1294 4631 1378 4696 atque
1391 4617 1506 4696 glorium
1518 4619 1721 4697 adaequaverit.

184 4732 226 4805 (⁴)
257 4727 535 4806 colybistae.

184 4838 226 4911 (¹)
256 4839 348 4900 vana
366 4838 402 4896 de
419 4839 476 4895 rita
494 4839 525 4895 P.
543 4838 575 4895 li.
596 4857 641 4914 ap.
656 4839 732 4898 Non.
747 4859 773 4896 r.
789 4856 848 4897 assa
866 4858 940 4896 roca.

1416 4947 1443 5006 B
