4178 5624
1070 364 1192 471 ,rr

1050 462 1285 502 mmmmm

380 640 478 720 addit,
500 638 581 705 illud
601 639 703 702 otium
722 628 1002 702 honoratissimum
1022 626 1131 711 luisse,
1155 630 1365 698 adversantur
1385 635 1459 699 Tac.
1470 639 1502 716 1,
1515 635 1545 702 4.
1568 643 1597 717 2,
1612 635 1663 703 42.
1683 647 1715 703 et
1735 638 1825 704 Suet.
1835 641 1956 707 1213.

379 754 422 822 Et
436 758 470 819 in
486 774 552 838 quo
567 749 753 838 adoptando
770 740 1168 836 promtissimum'Augnsti
1183 750 1320 812 animum
1336 747 1436 813 fuisse
1451 749 1549 814 reicrt
1560 751 1707 817 Velleius
1723 759 1766 835 (2,
1782 755 1866 837 103),
1884 772 1957 820 eum

379 865 530 955 precibus
552 865 679 932 tandem
699 867 809 929 uxoris
832 865 969 927 evictum
991 859 1052 925 sibi
1073 854 1224 926 ascivisse
1240 850 1354 927 {scribit
1369 864 1499 927 Tacitus
1521 861 1564 946 (4,
1579 854 1643 946 57),
1666 887 1767 952 aquo
1782 871 1957 933 non'nimis

378 980 532 1046 recedere
553 979 681 1046 videtur
700 978 889 1054 Suetonius,
919 978 1039 1060 siquis
1061 986 1133 1040 cnm
1156 963 1245 1040 c.2l.
1268 979 1312 1041 23
1333 975 1505 1042 contulerit
1526 999 1609 1062 quae
1630 1000 1658 1041 c.
1671 983 1720 1043 51.
1735 981 1776 1052 57
1797 980 1957 1067 leguntur.

378 1096 462 1162 Nam
482 1094 598 1160 bellica
616 1095 744 1177 negotia
759 1087 923 1154 Tiberium
946 1099 1076 1153 strenue
1097 1087 1344 1168 administrasse,
1367 1107 1437 1176 quo·
1455 1093 1586 1156 n'omine
1603 1093 1750 1176 Augusto
1770 1098 1901 1161 maxime
1920 1116 1958 1159 se

378 1208 580 1298 probaverat,
602 1225 710 1290 neque
725 1203 902 1270 Suetonius
921 1211 1014 1289 negat
1029 1206 1103 1286 (18)
1119 1223 1227 1288 neque
1241 1203 1380 1282 Tacitus,
1403 1206 1465 1268 11ιεί
1481 1203 1571 1288 quod
1587 1202 1710 1269 callidis
1727 1207 1868 1273 consiliis
1884 1230 1958 1275 eum

380 1346 475 1410 quam
491 1325 523 1386 vi
537 1328 569 1384 et
580 1322 697 1384 virtute
712 1321 759 1381 uti
773 1315 922 1381 maluisse
938 1315 1042 1395 docet,
1058 1315 1187 1381 Velleio
1204 1315 1394 1402 singularem
1407 1320 1442 1381 in
1458 1332 1498 1383 eo
1513 1319 1738 1384 humanitatem
1753 1333 1959 1406 agnoscente,

379 1440 473 1525 cuius
492 1437 665 1520 praecipua
686 1452 812 1518 semper
827 1451 903 1494 cura
920 1429 1023 1508 inerit,
1047 1439 1083 1494 ut
1098 1432 1168 1494 sine
1184 1429 1251 1495 ullo
1268 1424 1460 1496 detrimento
1477 1436 1634 1499 commissi
1650 1436 1805 1497 exercitus
1821 1455 1888 1501 rem
1904 1457 1960 1523 ge7

377 1557 463 1613 reret
478 1553 523 1629 (2,
538 1549 610 1610 113.
630 1543 701 1610 114.
721 1547 792 1610 trs.
808 1543 877 1627 al.):
901 1553 999 1630 atque
1014 1536 1212 1630 praedicanti
1229 1544 1305 1610 huic
1320 1567 1415 1630 quam
1431 1545 1593 1631 leniter'et
1609 1547 1780 1613 clementer
1794 1551 1828 1612 in
1844 1553 1959 1614 castris

363 1650 526 1727 ¹babuerit
545 1658 675 1724 militem
690 1661 863 1745 imperator
882 1657 975 1741 (114)
997 1656 1222 1744 obloquuntur
1243 1681 1327 1744 quae
1342 1651 1518 1725 Suetonius
1539 1664 1613 1744 (19)
1630 1661 1671 1727 de
1686 1660 1854 1748 disciplina
1870 1648 1966 1728 acerss¹

376 1751 457 1842 rime
477 1783 584 1840 exacta
604 1772 709 1838 tradit.
755 1771 821 1837 Sed
840 1763 1117 1838 vehementissime
1138 1767 1333 1839 dissentiunt
1352 1773 1400 1838 illi
1422 1777 1595 1862 scriptores
1611 1775 1652 1841 de
1668 1779 1821 1842 universo
1833 1775 1960 1842 Tiberii

377 1892 561 1978 principatu
581 1897 613 1952 et
632 1890 767 1974 imperio
783 1872 878 1952 civili.
895 1922 898 1929 ·
922 1886 1081 1952 Nimirum
1097 1876 1242 1953 Velleius
1259 1908 1331 1952 eum
1346 1887 1437 1952 utilia
1453 1899 1580 1976 semper
1594 1893 1750 1976 speciosis
1766 1890 1959 1977 praetulisse

378 2015 410 2070 et
424 2013 498 2068 aute
513 2003 728 2067 conscientiae
743 2022 839 2085 quam
855 2000 956 2064 lamae
972 1990 1174 2064 cousuluisse
1189 1999 1281 2064 dicit:
1306 2011 1417 2065 contra
1433 2003 1564 2066 Tacitus
1579 2007 1706 2088 passim,
1723 2014 1847 2083 cuncta,
1863 2008 1960 2070 etiam

286 2131 290 2141 '
376 2117 517 2194 iortuita,
540 2113 581 2179 ad
601 2113 733 2200 gloriam
756 2134 829 2177 eum
844 2115 978 2177 vertisse
999 2110 1144 2193 altirmat,
1167 2113 1327 2178 bominem
1343 2133 1470 2199 semper
1484 2116 1518 2178 in
1534 2117 1779 2179 ostentationem
1797 2121 1961 2203 composi·
1981 2108 1984 2114 ’

377 2241 454 2310 tum,
478 2232 531 2294 cui
552 2249 619 2294 non
640 2225 776 2314 perinde
797 2248 894 2292 curae
913 2225 1009 2291 fuerit
1024 2229 1123 2313 gratia
1138 2228 1367 2312 praesentium,
1387 2248 1482 2311 quam
1496 2230 1532 2292 in
1546 2237 1695 2314 posteros
1711 2227 1852 2294 ambitio.
1897 2232 1960 2295 lm-

375 2343 563 2432 pudentiam
588 2345 657 2408 eius
680 2345 715 2407 in
738 2341 916 2407 simulanda
940 2344 1037 2407 animi
1056 2341 1224 2406 voluntate
1249 2339 1469 2428 compluribus
1492 2340 1573 2406 locis
1596 2343 1726 2408 Tacitus
1750 2341 1959 2425 demonstrat,

377 2462 571 2524 assentiente
594 2457 752 2522 Suetonio
776 2444 865 2539 (24);
892 2455 1000 2519 verbis
1024 2476 1096 2517 eum
1117 2458 1152 2517 in
1176 2458 1315 2540 speciem
1337 2454 1510 2534 adornatis,
1533 2441 1703 2521 favorabili
1725 2446 1871 2524 oratione
1892 2461 1957 2523 vim

375 2575 500 2654 imperii
515 2580 634 2646 tenere,
652 2578 684 2631 et
699 2588 782 2651 quae
797 2570 904 2630 animo
920 2570 1060 2643 sentiret,
1077 2565 1191 2630 callide
1207 2566 1359 2650 obtegere
1374 2567 1537 2631 didicisse:
1561 2591 1620 2631 seu
1634 2579 1748 2633 natura
1764 2575 1833 2636 sire
1847 2593 1959 2637 assue-

376 2681 489 2748 tudine
510 2701 666 2766 suspensa
687 2685 812 2766 semper
832 2688 864 2743 et
884 2674 1025 2744 obscura
1040 2688 1071 2743 et
1086 2678 1186 2744 solitis
1203 2676 1265 2744 sibi
1280 2677 1465 2766 ambagibus
1481 2701 1552 2744 eum
1568 2679 1711 2746 locutum
1727 2694 1808 2762 esse,
1830 2661 1977 2750 abstru-¹

377 2819 457 2876 sum,
481 2793 684 2874 obstinatum,
709 2793 862 2873 clausum,
884 2814 926 2858 ne
942 2814 1009 2879 quo
1025 2792 1142 2858 ellectu
1154 2781 1428 2882 perrumperetur,
1451 2803 1548 2878 atque
1564 2793 1625 2859 sub
1640 2797 1745 2881 ipsum
1761 2800 1844 2862 vitae
1858 2797 1958 2864 finem

375 2915 438 2980 iam
460 2932 588 2998 corpus,
615 2911 678 2974 ianr
700 2911 794 2987 vires,
817 2906 961 2975 nondum
985 2906 1269 2973 dissimulationem
1293 2929 1366 2972 eum
1390 2907 1571 2974 deseruisse
1594 2912 1703 2990 (1,·11.
1720 2912 1749 2989 3,
1766 2915 1815 2976 15.
1832 2915 1884 2976 22.
1901 2899 1955 2978 44.

377 3028 407 3105 6,
421 3028 485 3106 50).
529 3024 620 3089 Artis
635 3032 740 3087 antem
757 3031 789 3086 et
804 3021 875 3085 lalsi
890 3043 985 3106 qnam
1002 3020 1100 3086 breve
1116 3019 1292 3085 confinium
1308 3031 1392 3086 esset
1408 3042 1506 3107 quum
1522 3010 1652 3108 plurimi
1666 3022 1719 3088 vel
1734 3029 1888 3091 sentitent
1902 3026 1957 3092 vel

375 3136 595 3222 intelligerent,
618 3156 726 3221 neque
739 3133 914 3200 verborum
929 3136 1077 3199 comitate
1090 3132 1189 3216 tidem
1204 3133 1341 3199 iaciebat
1362 3134 1464 3199 civilis
1480 3138 1584 3215 animi,
1608 3158 1669 3201 nec
1685 3134 1779 3204 don'is
1796 3149 1827 3204 et
1841 3140 1955 3206 lavore

375 3254 521 3318 sincerae
543 3252 681 3315 caritatis
702 3223 748 3334 (1,
760 3249 832 3333 72):
856 3234 978 3335 ipuippe
997 3243 1076 3314 iram
1096 3249 1130 3314 in
1152 3251 1311 3333 suspicaci
1329 3251 1436 3314 animo
1453 3256 1523 3314 eum
1537 3242 1693 3336 premere,
1717 3262 1813 3335 quam
1829 3262 1955 3320 auctam

375 3365 494 3430 deinde
514 3373 675 3451 promeret
694 3367 740 3446 (1,
754 3363 783 3434 7.
803 3367 829 3442 1,
843 3364 909 3446 69),
932 3361 1023 3427 multi
1039 3351 1159 3449 experti
1173 3371 1273 3427 erant·
1290 3399 1330 3412 -
1369 3364 1406 3427 ln
1421 3369 1488 3449 re'p.
1504 3362 1753 3429 administranda
1769 3376 1888 3450 quanta
1904 3391 1955 3433 sa-

374 3481 495 3567 pientia
516 3488 547 3543 et
567 3477 753 3542 salubritate
769 3474 918 3541 Tiberius
937 3479 1043 3563 egerit,
1066 3475 1241 3563 magnificis
1257 3475 1364 3541 verbis
1386 3498 1482 3563 saepe
1497 3475 1606 3542 laudat
1621 3477 1782 3544 Velleius:
1806 3484 1865 3567 per
1880 3503 1953 3548 eum

374 3591 540 3688 refulsisse
561 3601 678 3655 certam
700 3613 788 3677 spem
811 3590 922 3655 salutis
943 3579 1307 3670 omnibns'bominibr'rs,
1331 3594 1457 3677 quietis,
1480 3595 1578 3677 pacis,
1600 3581 1845 3678 tranquillitatis,
1869 3595 1952 3659 adeo

374 3717 412 3773 nt
436 3728 497 3772 nec
517 3705 591 3794 plus
615 3708 737 3792 sperari
759 3708 909 3792 potuerit,
932 3725 994 3770 nec
1014 3709 1086 3792 spei
1103 3698 1296 3792 'responderi
1316 3703 1455 3770 feliciusz
1484 3715 1515 3770 et
1534 3704 1640 3770 facere
1660 3696 1746 3771 recte
1767 3700 1852 3770 cives
1874 3728 1953 3774 suos

374 3824 552 3909 principem
568 3823 722 3908 optimum
738 3812 887 3885 iaciendo
903 3817 1029 3898 docere,
1045 3827 1084 3884 ac
1096 3815 1361 3906 qui'sitimperio
1376 3822 1535 3898 maximus,
1552 3841 1624 3883 eum
1641 3816 1784 3907 exemplo
1800 3825 1952 3889 maiorem

370 3955 456 4000 esse.
506 3936 544 3999 ln
575 3934 733 4001 eiusmodi
762 3932 913 3999 laudibus
943 3932 1146 4019 impudenter
1174 3931 1373 3997 cumulandis
1400 3933 1662 4019 simplicissimam
1687 3932 1785 3998 fidem
1811 3935 1951 4001 simulat:

299 4024 307 4057 ι’
373 4068 482 4135 neque
509 4050 592 4110 enim
618 4052 736 4112 iustum
763 4051 833 4114 sine
858 4047 1032 4113 mendacio
1055 4046 1226 4112 candorem
1249 4043 1337 4133 apud
1359 4043 1466 4112 bonos
1487 4048 1609 4111 crimini
1630 4068 1702 4112 esse
1723 4051 1853 4131 (2103.
1879 4053 1950 4115 126.

377 4165 464 4247 116).
503 4158 627 4227 Contra
648 4162 787 4237 Tacitus,
810 4182 870 4246 per
891 4182 976 4245 qnae
995 4163 1113 4226 sensim
1128 4160 1294 4248 publicum
1310 4159 1420 4227 odium
1436 4165 1636 4241 contraxerit,
1658 4160 1828 4226 multarum
1844 4182 1952 4228 rerum

375 4274 532 4379 exemplo.
543 4274 694 4361 patefacit
716 4273 819 4357 (Suet.
835 4274 886 4338 59.
909 4272 981 4358 60);
1012 4269 1104 4339 etiam
1127 4278 1162 4341 in
1184 4278 1232 4356 iis,
1255 4284 1339 4362 qu'ae
1358 4279 1442 4342 iuste
1462 4285 1559 4362 atque
1578 4279 1612 4340 iu
1633 4272 1794 4375 publicam
1817 4274 1951 4343 salutem

376 4401 490 4478 ageret,
514 4387 679 4455 borridum
694 4409 733 4452 ac
746 4386 936 4474 plerumque
950 4385 1154 4454 formidatum
1170 4389 1214 4471 (4,
1226 4390 1274 4476 7)':
1291 4399 1324 4455 at
1333 4398 1415 4456 t'vero
1430 4388 1628 4454 ludificatum
1643 4395 1751 4471 patres
1767 4398 1799 4453 et
1813 4376 1949 4476 plebem,

376 4524 502 4570 omnem
517 4507 676 4570 civitatem
691 4505 845 4572 servitute
860 4485 1066 4582 continuisse,
1090 4523 1197 4589 eoque
1211 4507 1365 4591 graviore,
1388 4512 1456 4588 quo
1470 4464 1670 4587 specffrsiora
1682 4500 1838 4569 libertatis
1854 4495 1950 4568 simii

374 4615 461 4681 lacra
480 4617 665 4702 praebuerit
684 4621 713 4702 (1
719 4668 728 4699 ,
742 4616 794 4684 81.
814 4619 903 4685 Suet.
915 4621 995 4702 30)·
1026 4618 1143 4706 Magna
1164 4621 1233 4684 eius
1249 4627 1317 4682 arte
1331 4614 1693 4703 maassimnmeritinm
1708 4612 1875 4703 irrepsisse
1889 4636 1950 4702 per

374 4728 544 4808 delatores,
566 4735 716 4798 saevitiae
732 4731 943 4812 administros,
965 4754 1025 4818 per
1040 4754 1123 4818 quos
1140 4734 1268 4797 crimim
1284 4750 1321 4795 ex
1336 4727 1473 4809 silentio,
1496 4751 1533 4795 ex
1547 4751 1629 4796 voce
1643 4741 1868 4819 repertaesse:
1892 4751 1950 4796 ne-

375 4865 441 4933 que
463 4845 612 4929 cuiquam
631 4843 729 4911 fidem
743 4845 941 4934 abrogatam,
958 4846 1016 4914 sed
1031 4866 1137 4933 quum·
1146 4842 1325 4913 delatorum
1339 4845 1442 4911 maior
1457 4853 1489 4911 et
1503 4846 1538 4911 in
1553 4842 1622 4912 dies
1637 4845 1785 4914 infestior
1796 4846 1846 4911 ris
1862 4864 1948 4933 gras
